2274 3782
473 405 548 476 Drn
584 405 761 477 Vannius.

518 505 721 578 Versicudue.

244 606 326 702 Cup.
381 605 463 678 Fiat
481 605 737 700 misericordia,
751 607 917 701 Domine,
935 633 1047 704 super

186 731 263 778 nos.

245 807 324 878 Oto.
377 805 688 886 Quemadmodum
722 832 788 881 nos
817 808 1044 903 speravimus

188 907 302 979 inte.

470 1008 552 1105 Gap.
608 1007 772 1081 Oremus.

245 1108 327 1204 Cap.
379 1108 490 1180 Pater
523 1115 655 1202 noster,
693 1109 758 1205 qni
794 1131 832 1182 es
860 1110 899 1182 in
929 1111 1038 1202 caelis,

188 1209 434 1282 sanctificetur
479 1234 609 1282 nomen
658 1216 775 1283 tuum.
857 1210 1044 1283 Adveniet

188 1334 343 1406 regnum
369 1316 487 1382 tuum.
541 1309 624 1382 Fiat
649 1311 818 1384 voluntas
844 1319 917 1404 tua,
947 1311 1044 1384 sicut

188 1409 228 1482 in
262 1410 361 1503 caelo,
398 1418 435 1482 et
469 1409 509 1482 in
542 1418 649 1484 terra.
706 1413 844 1484 Panem
877 1420 1041 1484 nostrum

189 1509 443 1607 quotidianum
467 1510 633 1584 danobis
657 1511 775 1585 hodie.
829 1513 878 1584 Et
896 1512 1045 1584 dimitte

187 1611 292 1685 nobis
306 1611 429 1684 debita
441 1619 573 1702 nostra,
589 1611 684 1685 siout
696 1620 733 1684 et
745 1637 811 1684 nos
823 1612 1042 1685 dimittimus

189 1712 415 1786 debitoribus
432 1711 577 1784 nostris.
629 1713 678 1784 Et
689 1737 735 1784 ne
752 1737 818 1785 nos
836 1713 986 1786 inducas
1002 1713 1042 1785 in

187 1813 437 1887 tentationem.
476 1813 546 1884 Sed
559 1811 673 1885 libera
686 1814 901 1886 nosamalo.
947 1815 1046 1894 cuia

188 1923 294 1988 tuum
320 1921 375 1987 est
399 1938 564 2009 regnum,
589 1913 752 2008 potentia
786 1923 823 1987 et
849 1915 973 2009 gloria,
1003 1914 1045 1986 in

189 2017 321 2088 saecula
347 2015 570 2088 saeculorum.

245 2117 323 2190 coo
376 2114 507 2188 Amen.

475 2218 552 2288 Pro
578 2217 753 2288 Puritote.

246 2318 327 2414 Cup.
381 2315 517 2391 Divine
536 2316 702 2432 spiritua,
724 2341 789 2411 qm
778 2316 977 2389 abhorres
995 2315 1046 2386 ab

189 2417 288 2490 omni
306 2417 491 2513 spurcitia,
515 2416 652 2590 quitque
673 2417 811 2531 gaudes
835 2442 876 2489 ao
897 2442 962 2512 pro
980 2416 1044 2488 de-

189 2517 284 2591 liciis
309 2518 462 2592 habes
451 2543 491 2591 111
516 2543 575 2590 cas
577 2519 626 2590 tis
654 2517 828 2613 purisque
859 2524 958 2589 ment
943 2516 1048 2589 tibus

189 2619 349 2694 versari·
341 2676 350 2712 ,
368 2626 406 2692 te
420 2617 601 2714 supplices
614 2617 859 2712 deprecamur,
873 2633 916 2690 ut
928 2617 1045 2712 insig-

188 2746 272 2793 nem
289 2719 477 2815 pudicitiae
494 2722 716 2812 thesaurum,
731 2717 825 2791 sicut
842 2726 916 2790 tuae
935 2718 1045 2791 debe-

190 2847 271 2894 mus
283 2820 514 2917 benignitati,
529 2820 582 2892 ita
591 2828 655 2891 tuo
669 2818 845 2892 beneficio
859 2843 1050 2892 servemus

189 2922 431 3014 ineolumem;
450 2930 564 3017 utque
582 2919 622 2992 in
636 2920 713 2993 dies
726 2919 848 3015 magis
866 2945 907 2992 ac
925 2919 1048 3014 magis

189 3049 281 3119 puro
299 3025 406 3096 corde
422 3047 586 3118 puroque
605 3045 752 3116 corpore
770 3020 840 3093 tibi
856 3021 1047 3115 placentes

188 3125 443 3219 perveniamus
461 3125 508 3197 ad
531 3123 630 3195 illam
657 3121 783 3214 vitam,
804 3147 886 3217 quae
904 3120 1049 3192 nullam

188 3224 293 3298 novit
306 3225 583 3318 corruptionem,
593 3224 632 3294 in
646 3248 717 3317 qua
732 3220 828 3295 vivis
839 3246 922 3294 cum
934 3222 1053 3292 Patre

190 3333 227 3398 ct
246 3325 340 3398 Filio
354 3345 363 3417 ;
390 3349 455 3419 per
481 3326 604 3396 Iesum
632 3324 817 3397 Christum
845 3322 1049 3397 Dominum

189 3434 363 3499 nostrum.

247 3528 324 3600 Oto.
377 3531 507 3598 Amen.
