2274 3782
547 381 592 451 63

80 591 82 594 ’
150 572 299 648 visitans
332 573 560 666 iniquitatem
589 580 732 666 patrum
756 573 796 643 in
820 573 923 665 filios,
951 573 988 644 in

150 672 292 744 tertiam
319 679 355 743 et
381 678 544 765 quartam
570 671 834 765 generationem
869 696 990 744 eorum

150 771 213 865 qui
238 772 390 859 oderunt
414 795 481 863 me,
502 777 538 842 et
554 771 689 842 faciens
713 770 990 842 misericordiam

149 871 188 941 in
213 870 327 941 millia
360 869 417 940 his
444 870 507 962 qui
533 869 690 964 diligunt
714 895 781 962 me,
811 876 847 941 et
873 876 988 941 eusto-

151 969 256 1041 diunt
272 975 450 1063 praesepta
467 993 555 1040 mea.

201 1069 275 1139 ΠΙ.
302 1069 386 1139 Non
403 1092 559 1139 assumes
584 1068 725 1139 Nomen
750 1068 897 1139 Domini
921 1068 992 1139 Dei

151 1167 206 1239 tui
231 1167 271 1238 in
297 1192 430 1239 vanum
442 1187 451 1258 3
488 1191 553 1238 nec
579 1167 674 1238 enim
698 1167 846 1239 habebit
871 1168 989 1238 inson-

151 1273 224 1338 tem
254 1266 430 1337 Dominus
460 1291 542 1336 eum
572 1266 635 1359 qui
662 1267 892 1362 assumpserit
917 1267 990 1338 No-

152 1389 235 1436 men
250 1365 397 1436 Domini
414 1365 485 1436 Dei
502 1364 558 1435 sui
574 1365 717 1436 frustra.

152 1479 154 1483 '
202 1465 268 1535 IV.
295 1465 477 1534 Memento
503 1470 545 1534 ut
562 1463 656 1534 diem
674 1463 820 1534 Sabbati
837 1465 990 1536 sanetifi-

154 1587 221 1634 ees.
274 1564 346 1634 Sex
364 1562 489 1633 diebus
508 1562 717 1656 operaberis,
739 1569 775 1634 et
791 1563 901 1635 facies
919 1588 990 1634 onr-

153 1661 212 1732 nia
238 1685 343 1755 opera
368 1668 451 1733 tua:
494 1661 643 1755 septimo
670 1670 790 1734 autem
821 1662 878 1733 die
907 1663 991 1733 Sab-

48 1806 50 1808 *
153 1761 277 1831 batum
310 1760 457 1832 Domini
480 1761 551 1832 Dei
586 1760 641 1832 tui
674 1769 751 1852 est;
787 1785 858 1832 non
883 1761 992 1832 facies

154 1883 241 1952 opus
258 1859 297 1929 in
320 1883 370 1950 eo,
390 1865 433 1931 tu
459 1866 495 1930 et
516 1859 614 1930 fflius
638 1866 733 1952 tuus,
755 1867 790 1931 et
816 1861 891 1930 filia
916 1867 989 1950 tua,

154 1983 277 2029 servus
287 1965 381 2048 tune,
392 1964 428 2028 et
438 1958 567 2029 aneilla
577 1966 649 2050 tua,
662 1958 865 2056 jumentum
875 1968 989 2050 tuum,

155 2062 190 2127 et
208 2057 344 2128 aduena
362 2056 425 2148 qui
442 2063 496 2128 est
521 2056 616 2127 intra
632 2064 752 2150 portas
776 2065 868 2128 tuas
921 2059 992 2128 Sex

155 2154 249 2225 enim
267 2154 393 2226 diebus
410 2155 498 2226 feeit
514 2155 691 2226 Dominus
709 2157 846 2246 eaelum,
868 2165 904 2227 et
921 2165 990 2227 ter-

155 2278 239 2344 ram,
261 2259 297 2324 et
313 2277 420 2347 mare,
441 2260 477 2325 et
497 2253 615 2324 omnia
641 2279 721 2347 quae
745 2255 785 2325 in
810 2255 861 2326 eis
887 2262 991 2345 sunt;

155 2359 191 2422 et
215 2351 394 2444 requievit
424 2352 481 2423 die
516 2353 687 2446 septim03
722 2352 853 2425 idoiroo
886 2354 993 2424 bene-

155 2449 250 2521 dixit
266 2450 441 2522 Dominus
455 2451 527 2522 diei
540 2451 695 2542 Sabbati,
710 2459 746 2523 et
759 2452 994 2524 sanctificavit

156 2573 248 2619 eum.

204 2647 250 2718 V.
277 2647 424 2719 Honora
465 2655 603 2742 patrem
636 2658 740 2721 tuum
774 2657 811 2721 et
844 2657 993 2722 matrem

155 2753 264 2836 tuam,
285 2752 327 2817 ut
344 2746 392 2818 sis
410 2747 594 2839 longaevus
613 2755 868 2842 superterram,
886 2774 992 2842 quam

155 2845 330 2916 Dominus
347 2847 446 2918 Deus
464 2847 564 2919 dabit
579 2847 658 2918 tibi.

204 2944 272 3014 VI.
298 2944 382 3016 Non
399 2947 546 3017 oooides.

203 3043 292 3113 VII.
319 3043 403 3114 Non
420 3044 661 3116 moechaberis.

204 3141 315 3212 VIII.
343 3143 427 3213 Non
444 3143 582 3214 furtum
599 3143 719 3216 faoies.

205 3239 273 3310 IX.
300 3241 385 3311 Non
426 3242 580 3335 loqueris
622 3251 744 3315 eontra
790 3245 990 3338 proximum

155 3343 257 3409 tuum
274 3339 405 3410 falsum
422 3340 676 3413 testimonium.
