2274 3782
593 345 639 419 32

245 549 328 645 Cap.
381 548 542 620 Aeterne
560 548 673 642 Deus,
695 548 759 644 qui
786 548 839 621 ite
855 549 1045 625 hominem

189 649 236 722 ad
262 649 422 722 laborem
448 647 656 742 condidisti,
676 656 774 722 utet
796 649 958 746 quietern
984 653 1045 726 illi

189 751 414 843 concederes,
446 772 494 821 ne
527 755 703 844 perpetuo
732 749 900 824 laborum
929 754 1044 827 toedio

188 851 437 942 conficeretur,
476 851 641 942 concede,
681 875 902 948 queesumus‚
935 854 1047 927 nobis

187 951 322 1045 pueris,
355 950 489 1046 quibus
518 950 746 1045 permittitur
780 959 823 1024 ut
857 952 1045 1046 reliquum

187 1051 301 1150 hujus
318 1050 393 1125 diei
410 1062 556 1146 tempus
573 1051 775 1126 animorum
794 1077 816 1124 a
836 1052 969 1126 studiis
986 1081 1045 1128 re-

187 1151 367 1224 laxationi
392 1152 607 1245 tribuamus,
628 1159 681 1247 ut,
708 1153 879 1248 praesidio
904 1161 969 1227 tuo
996 1157 1048 1229 ab
1129 1249 1130 1254 Ἰ

188 1252 286 1326 omni
311 1251 473 1348 periculo
491 1253 575 1345 tuti,
595 1253 747 1326 honesto
774 1254 859 1327 lusu
884 1253 938 1327 ita
958 1259 1045 1329 refi-
1129 1293 1130 1362 ξ

187 1353 327 1430 ciamus
337 1354 487 1447 animos,
503 1353 629 1450 itaque
640 1378 788 1450 corpore
798 1360 922 1428 nostra
935 1380 1047 1430 exer-

187 1479 343 1549 ceamus,
363 1462 407 1528 ut
424 1461 462 1528 et
486 1454 607 1528 auimo
626 1462 662 1528 et
680 1479 828 1551 corpore
845 1457 893 1527 ad
918 1459 1046 1530 studia

186 1563 310 1628 nostra
336 1555 493 1651 aptiores
519 1562 754 1649 revertamur,
776 1564 814 1629 et
839 1564 876 1629 te
901 1581 1046 1654 semper

186 1656 442 1752 glorificemus,
461 1681 528 1751 per
554 1656 678 1730 Iesum
700 1655 887 1730 Christum
913 1657 1046 1732 Domi-

185 1782 275 1829 num
292 1764 468 1830 nostrum.

242 1859 318 1933 Oto.
371 1858 503 1932 Amen.

517 2084 719 2156 Versiculos.

241 2214 323 2310 Cup.
377 2210 451 2292 Qui
467 2211 638 2306 parvulos
655 2211 703 2282 ad
720 2234 758 2282 se
776 2210 921 2304 invitat,
1127 2305 1128 2308 Ἴ

242 2314 319 2388 θΙιο.
372 2310 616 2386 Venientibus
632 2313 679 2384 ad
700 2336 738 2384 se
763 2311 946 2386 benedicit
963 2313 1045 2385 Do·

74 2449 76 2458 ·
185 2414 317 2488 minus.

241 2617 322 2714 Gap.
364 2614 650 2689 GratieDomini
661 2614 777 2688 nostri
790 2615 878 2690 Iesu
886 2615 1039 2706 Christi,
1126 2609 1127 2614 ’

184 2723 221 2790 et
256 2716 388 2790 ceritas
422 2715 504 2810 Dei,
538 2723 575 2788 et
600 2715 877 2790 communicatio
914 2717 1042 2791 Sancti

185 2817 353 2913 Spiritus,
374 2817 423 2890 sit
439 2841 581 2911 semper
597 2841 680 2890 oum
698 2817 868 2892 omuibus
885 2817 1000 2891 nobis.
1125 2821 1126 2824 ’

240 2921 317 2992 cto.
370 2917 501 2992 Amen.
