2274 3782
584 362 631 440 56

489 566 734 620 'EPQ'THm

234 667 277 732 Τί
289 666 373 749 δῆτα
385 665 578 752 Σόμπατρες
590 667 646 732 καὶ
658 666 865 753 Συμμητέρες
876 693 941 733 σου
953 668 1034 753 ὑπέρ

191 796 253 835 σου
268 767 341 835 τότε
357 769 540 847 ε’ποίησαν,·

487 943 747 998 ΑΠο’ΚΡ1ΣΙΣ.

233 1065 316 1148 Τρία
345 1065 380 1129 ἐν
408 1066 454 1149 τῷ
485 1060 622 1145 ὀνόματί
651 1089 714 1146 μου
751 1061 941 1152 ὑπέσχοντο
980 1059 1038 1128 καὶ

189 1159 438 1245 ἐπηγγειλαντο·
490 1164 628 1247 Πρῶτον
649 1161 717 1243 μὲν,
743 1159 795 1226 ἵνα
816 1165 863 1247 τῷ
884 1158 1037 1244 διαβόλῳ

190 1263 245 1328 καὶ
275 1267 362 1328 πᾶσι
390 1267 459 1333 τοῖς
488 1263 593 1348 ἔργοις
623 1264 733 1336 αὐτοῦ,
763 1264 804 1346 τῇ
833 1264 949 1346 πομπῇ
982 1263 1038 1327 καὶ

191 1358 385 1440 ματαιότητι
410 1364 553 1446 πονηροῦ
583 1362 640 1424 τοῦ
670 1358 796 1443 κόσμου
825 1358 950 1434 τούτου,
986 1357 1042 1425 καὶ

189 1461 315 1530 πόσαις
326 1465 399 1530 ταῖς
410 1461 623 1547 ἁμαρτωλοῖς
637 1468 695 1544 τῆς
711 1460 833 1548 σαρκός
848 1462 1039 1543 ἐπιθυμίαις

151 1621 162 1636 ,
189 1558 415 1640 ἀποτάξωμαι.
438 1557 532 1632 Εἶτα,
546 1557 598 1624 ἵνα
606 1558 718 1625 πάντα
727 1559 784 1642 τῆς
794 1562 1038 1646 Χριστιανικῆς

188 1660 332 1729 πίστεως
343 1658 512 1746 κεφάλαια
522 1658 703 1725 πιστεύσω.
732 1659 778 1725 Τὸ
789 1659 824 1726 δὲ
834 1667 1037 1734 τελευταῖον,

191 1757 243 1824 ἵνα
257 1762 303 1844 τῷ
320 1756 480 1840 θελήματι
503 1757 559 1822 καὶ
580 1762 648 1828 τοῖς
670 1756 855 1840 ἐντόλμασι
874 1762 934 1822 τοῦ
949 1759 1040 1824 Θεοῦ

188 1858 379 1932 ὑπακούσω,
399 1858 455 1923 καὶ
474 1857 588 1928 πάσας
605 1858 665 1928 τὰς
684 1857 805 1940 ἡμέρας
823 1863 882 1924 τοῦ
901 1859 984 1937 βίου
1005 1862 1040 1924 ἐν

190 1957 299 2026 αὐτοῖς
321 1955 550 2041 περιπατήσω.

486 2127 735 2183 Ἐυοτειειῑ.

231 2248 362 2314 Οὔκουν
381 2247 519 2330 νομίζεις
539 2245 711 2336 ὑπόχρεως
724 2246 786 2320 ὢν,
803 2247 860 2312 καὶ
879 2248 930 2312 ὅτι
946 2247 1038 2326 ὀφεί-

188 2364 255 2418 λεις
274 2349 328 2422 σὺ,
344 2347 513 2413 πιστεύειν
533 2375 578 2422 τε,
595 2349 651 2412 καὶ
671 2348 829 2434 πράττειν
849 2348 933 2434 ἅπερ
951 2351 1037 2414 ἐκεῖ·

187 2474 235 2512 νοι
259 2448 354 2532 ἐντῷ
376 2444 512 2527 ὀνόματί
532 2472 594 2509 σου
616 2445 883 2528 ἐπηγγείλαντο,·
905 2451 906 2456 '

474 2609 745 2676 ‘Ano‘xplsi22

224 2743 362 2823 Ἔγωγε·
386 2741 442 2805 καὶ
463 2741 501 2822 δὴ
525 2740 581 2806 καὶ
601 2742 686 2809 οὕτω
709 2741 855 2822 ποιήσω,Ι
869 2753 927 2806 τοῦ
947 2747 1041 2810 Θεοῦ

184 2843 391 2922 βοηθοῦντος.
439 2843 506 2906 Καὶ
522 2843 558 2908 ἐκ
573 2842 709 2927 καρδίας
727 2841 762 2908 δὲ
779 2843 967 2932 εὐχαριστῶ
988 2854 1040 2932 τῷ
1119 2907 1120 2926 γ

186 2940 297 3026 Πατρὶ
319 2941 409 3022 ἡμῶν
431 2945 477 3027 τῷ
500 2940 690 3026 ἐπουρανίῳ,
715 2941 765 3004 ὅτι
791 2941 847 3023 ε’μὲ
872 2941 1040 3009 ἐκάλεσεν

185 3042 230 3111 εἰς
240 3040 363 3120 ταύτην
373 3047 432 3123 τῆς
443 3042 607 3126 σωτηρίας
619 3041 838 3117 κατάστασιν,
851 3042 905 3108 διὰ
916 3044 1039 3123 Ἰησοῦ
1119 3079 1120 3098 1

184 3142 332 3224 Χριστοῦ
352 3145 411 3204 τοῦ
432 3137 584 3226 Σωτῆρος
608 3142 707 3222 ἡμῶν.
762 3140 888 3224 Δέομαι
913 3140 948 3206 δὲ
970 3149 1039 3207 τοῦ

184 3242 268 3305 Θεοῦ
281 3239 393 3306 δοῦναί
404 3266 459 3321 μοι
474 3240 535 3320 τὴν
553 3238 654 3331 χάριν
671 3242 778 3316 αὑτοῦ,
796 3241 883 3307 ὥστε
898 3242 933 3307 ἐν
948 3243 1039 3325 αὐτῇ

184 3337 282 3425 μέχρι
297 3344 355 3403 τοῦ
368 3336 483 3407 τέλους
498 3343 555 3417 τῆς
572 3339 653 3418 ζωῆς
668 3338 840 3420 διαμένειν.
