2274 3782
491 425 544 496 fil

398 621 650 695 ounsrro,

155 759 341 912 Qupdnam
354 764 408 830 est
425 757 579 830 offioium
596 764 700 830 tuum
718 783 803 854 erga
819 764 938 854 proxi-

107 883 202 929 mum
216 915 223 929 .

362 1053 673 1114 RESPONSIO.

155 1209 320 1281 Offioium
345 1234 463 1281 meum
482 1233 566 1302 erga
583 1209 786 1302 proximum
805 1218 869 1304 est,
897 1220 939 1285 ut

103 1334 185 1380 eum
203 1309 351 1402 diligam
364 1308 457 1380 siout
470 1308 653 1401 meipsum,
672 1315 707 1379 et
719 1308 758 1379 id
775 1312 938 1402 omnibus

103 1408 306 1479 hominibus
322 1407 460 1497 faciam,
481 1407 576 1500 quod
593 1407 637 1478 ab
650 1406 695 1478 iis
708 1403 837 1480 vellem
850 1411 938 1482 milri

103 1506 191 1577 fieri.
254 1507 302 1576 Et
331 1511 373 1577 ut
400 1506 543 1576 Patrem
573 1530 691 1577 meum
721 1514 758 1578 et
784 1509 938 1581 Matrem

105 1627 218 1675 meam
236 1604 383 1698 diligam
405 1610 441 1676 et
457 1605 635 1696 honorem,
656 1604 772 1698 iisque
796 1630 936 1679 sueeur-

104 1729 188 1774 ram.
251 1704 302 1774 Ut
325 1703 459 1797 Regem
476 1703 654 1796 honorem,
674 1703 813 1797 ipsique
830 1713 937 1798 atque

38 1805 40 1808 ⁴
104 1803 147 1873 iis
174 1802 337 1873 omnibus
364 1802 427 1895 qui
455 1803 520 1873 sub
550 1803 626 1897 ipso
654 1802 773 1895 aliqua
802 1804 937 1896 pollent

100 1901 316 1972 authoritate
334 1902 523 1994 obsequar3
542 1902 704 1973 omnibus
721 1901 808 1973 meis
827 1902 935 1995 Supe-

102 1999 265 2092 rioribus,
285 1999 509 2091 Ductoribus,
531 2000 775 2093 spiritualibus
793 2000 934 2072 Pastor·

101 2099 934 2196 ibus,aoPraeoeptoribus,meipsumsubjiciam

100 2198 275 2269 submisse
308 2222 348 2269 ao
381 2204 583 2269 reverenter
612 2223 668 2268 me
702 2222 823 2291 geram
851 2223 935 2293 erga

99 2321 222 2368 omnes
233 2297 295 2389 qui
306 2320 343 2366 re
353 2297 428 2367 ulla
438 2321 494 2367 me
506 2296 732 2368 antecellunt.
745 2295 932 2368 Neminem

101 2396 209 2467 verbo
222 2399 361 2467 factove
378 2395 514 2466 laedam.
567 2394 726 2466 Fidelem
743 2419 783 2466 ae
795 2396 933 2494 justum

99 2520 158 2566 me
174 2495 214 2565 in
230 2494 393 2565 omuibus
413 2501 600 2587 praestem:
628 2519 744 2587 neque
761 2496 933 2567 malitiam

99 2617 215 2687 neque
229 2593 349 2664 odium
359 2592 524 2664 inanimo
538 2618 614 2664 meo
624 2593 774 2665 foveam.
803 2595 934 2666 Manus

100 2717 196 2763 meas
223 2716 244 2762 a
272 2692 369 2762 furto
398 2698 434 2762 et
456 2691 639 2763 latrocinio
667 2691 870 2784 ooh-ibeam3
898 2700 933 2765 et

97 2791 260 2884 linguam
302 2813 323 2859 a
356 2790 611 2882 maledicentia,
656 2790 852 2882 mendaoio,
893 2815 933 2863 ao

96 2888 285 2960 calumnia.
337 2889 388 2960 Ut
405 2913 531 2982 eorpus
547 2915 666 2960 meum
683 2897 930 2983 temperanter,

99 2987 225 3078 sobrie,
263 2993 369 3082 atque
412 2996 507 3060 oaste
548 2988 755 3060 custodiam.
832 2988 932 3060 Boua

69 3117 71 3122 ·
95 3086 215 3158 aliena
241 3111 356 3179 neque
386 3086 631 3179 eoneupiseam
652 3111 769 3180 neque
796 3110 929 3180 aream,

95 3188 162 3258 sed
185 3186 316 3257 discam
339 3193 451 3257 artem
468 3186 512 3256 ad
532 3185 642 3256 vitam
667 3187 932 3258 sustentandam

98 3285 271 3375 idoneam,
298 3290 334 3356 et
355 3284 394 3355 in
417 3309 458 3356 ea
480 3284 646 3378 gnaviter
666 3284 832 3356 laborem.
884 3285 931 3356 Et

96 3408 176 3454 meo
204 3383 333 3456 offioio
351 3383 482 3477 fungar
506 3382 545 3453 in
567 3407 609 3454 eo
634 3382 719 3455 vitae
753 3389 859 3474 statu,
887 3383 932 3460 ad

94 3507 205 3576 quem
222 3485 299 3555 Deo
316 3482 433 3554 visum
450 3481 561 3554 fuerit
577 3505 634 3552 me
648 3505 782 3553 vocare.
