2274 3782
494 273 540 344 33

127 478 290 550 Precatio
318 474 606 559 Autemrridiuuu‚
636 495 710 542 rum
736 470 918 543 Matutino

305 575 433 646 Studio
459 572 743 643 intermittuntur.

163 683 244 780 Oup.
297 681 441 754 Gratias
457 681 598 777 agimus
613 681 693 774 tibi,
715 680 949 775 Omnipotens

107 795 144 854 et
181 781 395 876 sempiterne
435 783 545 874 Deus,
584 781 689 878 enjus
727 779 950 875 benignitate

107 882 276 954 effoetum
320 887 374 953 est
422 887 465 952 ut
506 878 826 952 antemeridianum
881 881 949 952 hoo

106 987 248 1074 tempus
286 978 387 1073 salvi,
431 979 606 1072 bonisque
645 979 760 1051 literis
803 977 946 1071 intenti,

108 1079 407 1174 transegerimus;
434 1085 542 1172 teque
560 1077 769 1172 suppliciter
794 1103 945 1171 oremus,

107 1187 159 1271 ut,
172 1180 268 1271 quod
277 1179 389 1251 instet
398 1177 587 1251 meridiani
597 1176 766 1270 temporis
777 1177 945 1271 spatium,

107 1277 303 1349 necessario
321 1277 435 1351 viotui
453 1283 489 1348 et
506 1276 706 1350 animorum
731 1275 947 1348 relaxationi

108 1376 349 1469 tribuendum,
370 1377 421 1447 ito
447 1375 564 1447 sobrie
589 1376 820 1468 modesteque
845 1400 944 1469 pera·

109 1500 243 1569 gamus,
273 1483 316 1547 ut
346 1475 490 1546 interim
520 1473 644 1569 gloriae
679 1482 751 1546 tuoe
786 1474 947 1546 studiose

108 1574 313 1666 serviamus,
325 1599 390 1668 per
407 1574 529 1646 Iesum
548 1572 731 1646 Christum
748 1573 944 1646 Dominum

108 1683 277 1744 nostrum.
515 1751 517 1756 ,

34 1782 37 1786 ’
163 1773 239 1843 Cio.
291 1772 419 1844 Amen.

173 1899 264 1968 Aute
288 1897 530 1968 diuturniorem
556 1896 754 1968 Studiorum
782 1900 884 1984 iuter-

428 1996 624 2067 missioueur.

163 2094 244 2191 Cup.
297 2093 531 2188 Omnipotens
556 2100 593 2166 et
618 2093 816 2166 misericors
833 2095 942 2188 Deus,

107 2192 169 2286 qui
197 2218 261 2286 per
286 2194 496 2287 prophetam
530 2199 633 2264 tuum
667 2193 834 2265 fidelibus
865 2219 945 2289 pro-

108 2291 236 2364 misisti
258 2294 353 2385 quod
378 2294 566 2387 egredietur
584 2296 623 2364 do
649 2295 695 2364 oio
722 2295 796 2364 tuus
822 2318 946 2387 uroque

107 2393 300 2483 ludentium,
324 2392 486 2483 oonoede,
517 2416 731 2484 quaesumus,
751 2391 854 2464 nobis
874 2392 943 2464 dis·

106 2489 234 2583 cipulis
263 2489 348 2583 tuis,
377 2497 420 2562 ut
445 2491 511 2561 hao
542 2491 741 2562 studiorum
767 2490 944 2563 intermis-

106 2589 204 2661 sione
238 2589 307 2661 rite
342 2588 529 2682 sobrieque
569 2596 712 2661 utentes
747 2590 865 2661 omnia
899 2592 945 2661 ed

105 2697 205 2758 tuum
222 2688 372 2783 glorium
394 2688 567 2760 faciamus
582 2709 591 2779 3
618 2695 654 2760 et
667 2690 822 2781 tandem,
842 2689 945 2761 finita

105 2789 171 2857 huo
190 2787 291 2880 quasi
308 2787 403 2858 inter
427 2787 654 2858 militandum
673 2787 868 2878 vacatione,
889 2812 943 2859 or-

105 2885 250 2957 dinibus
266 2887 367 2957 nuile
383 2910 423 2957 re
439 2887 587 2957 adversa
601 2885 805 2979 deminutis,
825 2895 944 2958 mente

103 2985 212 3081 juxta
245 2992 352 3078 atque
388 3009 530 3078 eorpore
564 2985 701 3076 reiecti,
738 2988 783 3057 ed
826 2986 943 3058 studia

104 3090 224 3155 nostra
258 3083 397 3156 novatis
434 3084 574 3156 viribus
607 3081 837 3175 revertemur,
876 3109 941 3178 per

104 3184 226 3253 Iesum
244 3181 427 3254 Christum
443 3180 638 3255 Dominum
654 3198 827 3256 nostrum.

160 3282 236 3353 uuo.
292 3283 417 3353 Amen.
893 3300 912 3350 0
