2274 3782
626 377 672 451 50

619 587 676 637 111.

419 691 421 696 ’
462 689 599 760 Carmen
626 691 821 761 Iombieum.

225 811 308 884 Non
325 810 516 883 invenusto
534 811 730 904 antiquitas
750 813 939 908 aenigmate

226 909 344 982 Studii
360 910 567 1005 magistram
590 911 766 1006 virginem

226 1008 353 1081 Finxit
369 1009 582 1100 Minervam,
602 1034 642 1081 ao
665 1011 852 1082 literarum
869 1013 1042 1104 praesides

227 1107 354 1179 Finxit
371 1107 542 1181 Camenas
560 1108 728 1202 virgines.

225 1206 333 1278 Nune
350 1205 426 1301 ipse
443 1207 546 1300 virgo
564 1213 676 1279 matre
693 1215 801 1280 natus
819 1209 960 1302 virgine

226 1305 406 1378 Praesideo
424 1306 585 1400 virgineo
604 1307 716 1400 gregi,
882 1331 884 1336 ’

226 1405 275 1476 Et
292 1403 480 1499 sospitator
495 1405 607 1502 hujus
625 1413 660 1477 et
679 1411 798 1477 eustos
816 1406 964 1478 Scholae.

226 1503 371 1575 Adsunt
388 1504 544 1576 ministri
560 1504 729 1598 virgines,

227 1604 362 1674 Pueros
379 1627 475 1675 meos
492 1628 632 1675 meeum
649 1610 794 1675 tuentes
811 1604 941 1697 angeli.

227 1700 321 1773 Mihi
339 1709 440 1796 grata
457 1702 591 1795 ubique
608 1703 745 1796 puritas
761 1723 769 1792 ;

228 1801 412 1893 Deoetque
430 1802 549 1873 studia
566 1801 748 1874 literarum
768 1802 916 1895 puritas.

229 1900 359 1972 Procul
377 1924 461 1994 ergo
479 1925 576 1972 sauro
594 1925 615 1972 a
631 1901 755 1973 limine

230 2000 373 2070 Morum
391 2006 534 2071 arceant
551 1999 641 2071 mihi
657 2000 855 2072 literatores
874 2000 995 2075 luem:

230 2097 334 2169 Nihil
350 2098 422 2169 hue
440 2097 616 2192 recipiant
632 2098 833 2170 barbarum.

231 2196 361 2268 Procul
378 2205 522 2269 arceant
539 2196 727 2269 illiteratos
743 2197 873 2272 literas.

231 2296 308 2367 Nee
324 2321 435 2390 regna
452 2297 615 2390 polluant
632 2320 720 2368 mea.
742 2291 744 2300 ’

625 2515 675 2565 1v.

594 2621 711 2690 Aliud.

234 2738 329 2818 Quin
347 2740 443 2811 huno
473 2741 520 2812 ad
544 2742 703 2813 Puerum
728 2741 832 2836 pueri
858 2747 1133 2840 concurritis

380 2840 528 2911 omnes?

282 2939 384 3010 Unus
401 2939 459 3010 hio
478 2946 533 3010 est
549 2939 635 3012 vitae
652 2940 776 3034 regula
793 2941 945 3034 fonsque
963 2942 1062 3034 piae.
1132 2939 1133 3014 l

235 3037 342 3109 Hune
386 3037 449 3131 qui
481 3062 554 3109 non
588 3038 711 3132 sapiat,
748 3039 859 3136 hujus
899 3041 1094 3132 sapientia

284 3138 641 3327 Absqurisstliooestvita
670 3237 823 3309 hominis
849 3260 955 3326 mors,
990 3241 1093 3312 1111111

383 3335 496 3424 erede,
516 3359 613 3406 mera
635 3344 699 3406 est
1132 3367 1133 3458 1

1125 3481 1133 3776 4
