2274 3782
606 380 653 453 68

476 583 781 632 KATHxlzTH'z.

251 702 355 769 Τοῦτο
376 701 486 784 (γνῶθι,
504 701 583 788 φίλε
603 708 675 778 παῖ,
692 706 753 794 ούχ
776 703 841 770 οῖόν
861 705 889 769 τ’
907 705 995 772 εἶναι’
1014 734 1049 773 σε

208 801 245 868 ἐκ
266 807 407 867 σεαυτοῦ
428 807 533 868 ταῦτα
555 809 670 879 ποιεῖν,
694 805 767 872 οῦδὲ
791 805 994 892 πορεύεσθαι
1020 810 1050 874 ἐν

207 904 279 969 ταῖς
301 904 359 964 τοῦ
381 901 467 965 Θεοῦ
492 901 649 976 ἐντολαῖς,
673 903 730 968 καὶ
754 902 926 989 λατρεύειν
953 908 1049 994 αύτῷ,
1128 979 1130 982 ,

208 1001 285 1066 ἄνευ
299 1007 356 1083 τῆς
376 1000 543 1088 ἐξαιρέτου
556 1002 693 1093 χάριτος
708 1011 766 1071 τοῦ
781 1007 874 1080 Θεοῦ,
891 1007 932 1088 ἦν
946 1008 1049 1090 μαθη·
1128 989 1130 1038 ἐ

208 1098 282 1164 τέον
304 1123 360 1162 σοι
381 1098 455 1164 ἐστὶ
476 1102 620 1168 πάντοτε
642 1102 808 1168 αἰτεῖσθαι
823 1103 862 1170 δι’
878 1103 1051 1186 ἐπιμελοῦς
1128 1111 1131 1186 '3

207 1206 412 1289 wpooevxfye·,
464 1204 643 1292 Τοιγαροῦν
673 1204 774 1286 ἡδέως
804 1204 985 1288 ἀκούσαιμι
1012 1207 1051 1272 ἄν

208 1323 270 1362 σου
291 1296 444 1380 λέγοντος
466 1300 581 1391 Εῦχὴν
602 1300 664 1382 τὴν
685 1301 864 1388 Κνριαιιήν.

496 1500 762 1556 ἈΠο’ΚΡΙΣΙΣ.

250 1634 393 1698 Hm?
426 1634 515 1715 ἡμῶν
546 1627 562 1694 ὁ
588 1629 623 1695 ἐν
650 1634 718 1700 τοῖς
749 1631 905 1716 οὐρανοῖς·
934 1629 1052 1713 Ἅγια.

208 1735 321 1816 σθήτω
331 1734 369 1800 τὰ
381 1731 511 1816 Ὄνομύ
523 1757 594 1796 σον·
611 1731 758 1797 Ἐλθέτω
770 1734 790 1812 ἡ
800 1731 964 1811 βασιλεία
979 1752 1054 1799 σου·

210 1830 379 1914 Γενηθήτω
402 1830 439 1896 τὰ
466 1827 593 1911 θέλημά
620 1855 691 1903 σου,
716 1830 758 1899 ὡς
782 1829 817 1894 ἐν
843 1831 971 1917 οὐρανῷ
997 1831 1054 1896 καὶ

209 1935 263 2000 ἐπὶ
289 1941 346 2016 τῆς
367 1940 437 2018 (γῆς.
483 1930 549 1996 Τὸν
571 1930 669 2016 ἄρτον
691 1933 782 2013 ἡμῶν
802 1930 859 1996 τὸν
880 1929 1056 1997 ἐπιούσιον

209 2031 263 2100 δὸς
278 2034 354 2115 ἡμῖν
375 2029 526 2116 σήμερον·
573 2027 640 2093 Καὶ
655 2026 735 2114 ἄφες
756 2030 832 2111 ἡμῖν
852 2027 894 2093 τὰ
918 2028 1056 2115 ὀφειλή·

209 2160 298 2217 ματα
313 2135 412 2216 ἡμῶν,
428 2133 471 2202 ὡς
486 2130 542 2196 καὶ
564 2132 654 2212 ἡμεῖς
676 2127 813 2214 ἀφίεμεν
834 2134 900 2199 τοῖς
923 2128 1057 2216 ὀφειλέ-

209 2257 281 2301 ταις
297 2232 397 2314 ἡμῶν·
422 2228 490 2294 Καὶ
510 2224 556 2310 μὴ
571 2223 758 2310 εἰσενέγκῃς
778 2228 861 2308 ἡμᾶς
877 2226 922 2296 εἰς
936 2254 1057 2314 πειρα-

210 2330 303 2414 σμόν·
315 2331 406 2396 ἀλλὰ
415 2333 513 2416 ῥῦσαι
524 2331 605 2410 ἡμᾶς
615 2326 681 2393 ἀπό
693 2332 750 2392 τοῦ
758 2332 913 2413 πονηροῦ·
934 2327 1060 2411 Ἀμήν.

510 2513 752 2566 'mrum
1130 2521 1133 2704 ρ

254 2642 296 2707 Τί
319 2643 421 2712 αἰτεῖς
443 2639 535 2728 παρὰ
564 2643 623 2705 τοῦ
647 2641 734 2704 Θεοῦ
758 2639 793 2704 ἐν
817 2647 857 2723 τῇ
880 2665 1065 2730 προσεύχῃ

212 2738 314 2824 ταύτῃ
326 2768 336 2814 ,·
1022 2764 1026 2770 ·

507 2926 764 2976 ΑΠΟἬΡῙΣΙΣ.

254 3050 345 3114 Αῖτῶ
376 3049 498 3135 Κύριον
527 3048 583 3114 τὸν
610 3046 695 3114 Θεύν
723 3074 786 3131 μον
814 3047 870 3111 τὸν
901 3049 1070 3133 οὐράνιον

213 3150 348 3237 Πατέρα
385 3153 484 3233 ἡμῶν,
515 3151 571 3216 τὸν
607 3157 665 3232 τῆς
701 3149 813 3229 πάσης
851 3146 1072 3231 ι’νγαθύτητος

211 3248 331 3332 δοτῆρα
360 3247 416 3312 καὶ
451 3247 595 3334 χορηγὸν
631 3247 718 3321 ὄντα,
749 3246 819 3329 ἐμοὶ
854 3245 911 3311 καὶ
948 3252 1072 3314 πᾶσιν

211 3349 392 3429 ιἰνθρώποις
417 3347 477 3428 τὴν
501 3348 601 3435 χάριν
624 3352 722 3416 αὐτοῦ
746 3347 984 3431 καταπέμψαι,
1011 3345 1071 3433 ἐφ’
