<?xml version="1.0" encoding="UTF-8"?>
<!DOCTYPE html PUBLIC "-//W3C//DTD XHTML 1.0 Transitional//EN"
    "http://www.w3.org/TR/xhtml1/DTD/xhtml1-transitional.dtd">
<html xmlns="http://www.w3.org/1999/xhtml" xml:lang="en" lang="en">
 <head>
  <title>
</title>
<meta http-equiv="Content-Type" content="text/html;charset=utf-8" />
  <meta name='ocr-system' content='tesseract 3.04.00' />
  <meta name='ocr-capabilities' content='ocr_page ocr_carea ocr_par ocr_line ocrx_word'/>
</head>
<body>
  <div class='ocr_page' id='page_1' title='image "./preceshymnietca00englgoog_0018.png"; bbox 0 0 2274 3782; ppageno 0'>
   <div class='ocr_carea' id='block_1_1' title="bbox 172 385 1055 2372">
    <p class='ocr_par' dir='ltr' id='par_1_1' title="bbox 490 385 710 560">
     <span class='ocr_line' id='line_1_1' title="bbox 490 385 710 459; baseline 0.005 -1"><span class='ocrx_word' id='word_1_1' title='bbox 490 385 710 459; x_wconf 81' lang='lat' dir='ltr'>D1uJov1s.</span> 
     </span>
     <span class='ocr_line' id='line_1_2' title="bbox 518 487 693 560; baseline 0.006 -2"><span class='ocrx_word' id='word_1_2' title='bbox 518 487 693 560; x_wconf 76' lang='lat' dir='ltr'>Versieuli.</span> 
     </span>
    </p>

    <p class='ocr_par' dir='ltr' id='par_1_2' title="bbox 229 586 956 684">
     <span class='ocr_line' id='line_1_3' title="bbox 229 586 956 684; baseline 0 -24"><span class='ocrx_word' id='word_1_3' title='bbox 229 589 312 684; x_wconf 81' lang='lat' dir='ltr'><strong><em>Oap.</em></strong></span> <span class='ocrx_word' id='word_1_4' title='bbox 364 587 530 680; x_wconf 78' lang='lat' dir='ltr'><strong>Domine,</strong></span> <span class='ocrx_word' id='word_1_5' title='bbox 550 586 648 660; x_wconf 87' lang='lat' dir='ltr'>labia</span> <span class='ocrx_word' id='word_1_6' title='bbox 664 599 788 662; x_wconf 83' lang='lat' dir='ltr'>nostra</span> <span class='ocrx_word' id='word_1_7' title='bbox 805 588 956 683; x_wconf 83' lang='lat' dir='ltr'>aperias.</span> 
     </span>
    </p>

    <p class='ocr_par' dir='ltr' id='par_1_3' title="bbox 174 688 1028 862">
     <span class='ocr_line' id='line_1_4' title="bbox 230 688 1028 764; baseline 0.004 -4"><span class='ocrx_word' id='word_1_8' title='bbox 230 689 308 762; x_wconf 75' lang='lat' dir='ltr'>Cdo.</span> <span class='ocrx_word' id='word_1_9' title='bbox 360 688 411 760; x_wconf 87' lang='lat' dir='ltr'>Et</span> <span class='ocrx_word' id='word_1_10' title='bbox 433 712 472 761; x_wconf 93' lang='lat' dir='ltr'>os</span> <span class='ocrx_word' id='word_1_11' title='bbox 494 695 659 761; x_wconf 83' lang='lat' dir='ltr'>nostrum</span> <span class='ocrx_word' id='word_1_12' title='bbox 689 688 928 763; x_wconf 79' lang='lat' dir='ltr'>annunciabit</span> <span class='ocrx_word' id='word_1_13' title='bbox 949 689 1028 764; x_wconf 79' lang='lat' dir='ltr'>lau-</span> 
     </span>
     <span class='ocr_line' id='line_1_5' title="bbox 174 791 388 862; baseline -0.009 0"><span class='ocrx_word' id='word_1_14' title='bbox 174 791 258 862; x_wconf 86' lang='lat' dir='ltr'>dem</span> <span class='ocrx_word' id='word_1_15' title='bbox 275 803 388 861; x_wconf 85' lang='lat' dir='ltr'>tuam.</span> 
     </span>
    </p>

    <p class='ocr_par' dir='ltr' id='par_1_4' title="bbox 172 887 1028 1062">
     <span class='ocr_line' id='line_1_6' title="bbox 230 887 1028 988; baseline 0 -26"><span class='ocrx_word' id='word_1_16' title='bbox 230 891 312 986; x_wconf 79' lang='lat' dir='ltr'>Oep.</span> <span class='ocrx_word' id='word_1_17' title='bbox 364 890 477 981; x_wconf 91' lang='lat' dir='ltr'>Dens,</span> <span class='ocrx_word' id='word_1_18' title='bbox 518 887 558 961; x_wconf 93' lang='lat' dir='ltr'>in</span> <span class='ocrx_word' id='word_1_19' title='bbox 600 888 828 988; x_wconf 87' lang='lat' dir='ltr'>adjutorium</span> <span class='ocrx_word' id='word_1_20' title='bbox 862 898 1028 963; x_wconf 86' lang='lat' dir='ltr'>nostrum</span> 
     </span>
     <span class='ocr_line' id='line_1_7' title="bbox 172 991 333 1062; baseline -0.006 0"><span class='ocrx_word' id='word_1_21' title='bbox 172 991 333 1062; x_wconf 80' lang='lat' dir='ltr'>intende.</span> 
     </span>
    </p>

    <p class='ocr_par' dir='ltr' id='par_1_5' title="bbox 173 1088 1029 1264">
     <span class='ocr_line' id='line_1_8' title="bbox 231 1088 1029 1189; baseline 0.001 -27"><span class='ocrx_word' id='word_1_22' title='bbox 231 1091 308 1162; x_wconf 75' lang='lat' dir='ltr'>Cdo.</span> <span class='ocrx_word' id='word_1_23' title='bbox 362 1088 530 1183; x_wconf 80' lang='lat' dir='ltr'>Domine,</span> <span class='ocrx_word' id='word_1_24' title='bbox 575 1092 622 1163; x_wconf 85' lang='lat' dir='ltr'>ad</span> <span class='ocrx_word' id='word_1_25' title='bbox 670 1089 920 1189; x_wconf 80' lang='lat' dir='ltr'>adjuvandum</span> <span class='ocrx_word' id='word_1_26' title='bbox 962 1115 1029 1163; x_wconf 86' lang='lat' dir='ltr'>nos</span> 
     </span>
     <span class='ocr_line' id='line_1_9' title="bbox 173 1191 318 1264; baseline 0.014 -2"><span class='ocrx_word' id='word_1_27' title='bbox 173 1191 318 1264; x_wconf 83' lang='lat' dir='ltr'>festina.</span> 
     </span>
    </p>

    <p class='ocr_par' dir='ltr' id='par_1_6' title="bbox 456 1290 758 1388">
     <span class='ocr_line' id='line_1_10' title="bbox 456 1290 758 1388; baseline 0.003 -26"><span class='ocrx_word' id='word_1_28' title='bbox 456 1290 539 1388; x_wconf 79' lang='lat' dir='ltr'>Gap.</span> <span class='ocrx_word' id='word_1_29' title='bbox 593 1290 758 1364; x_wconf 86' lang='lat' dir='ltr'>Oremus.</span> 
     </span>
    </p>

    <p class='ocr_par' dir='ltr' id='par_1_7' title="bbox 174 1391 1055 2372">
     <span class='ocr_line' id='line_1_11' title="bbox 231 1391 1027 1488; baseline 0.003 -25"><span class='ocrx_word' id='word_1_30' title='bbox 231 1393 314 1488; x_wconf 80' lang='lat' dir='ltr'>Oop.</span> <span class='ocrx_word' id='word_1_31' title='bbox 368 1392 478 1464; x_wconf 87' lang='lat' dir='ltr'>Pater</span> <span class='ocrx_word' id='word_1_32' title='bbox 507 1399 641 1485; x_wconf 89' lang='lat' dir='ltr'>noster,</span> <span class='ocrx_word' id='word_1_33' title='bbox 670 1392 735 1486; x_wconf 93' lang='lat' dir='ltr'>qui</span> <span class='ocrx_word' id='word_1_34' title='bbox 770 1416 808 1464; x_wconf 90' lang='lat' dir='ltr'>es</span> <span class='ocrx_word' id='word_1_35' title='bbox 842 1392 882 1463; x_wconf 92' lang='lat' dir='ltr'>in</span> <span class='ocrx_word' id='word_1_36' title='bbox 917 1391 1027 1484; x_wconf 82' lang='lat' dir='ltr'>oaelis,</span> 
     </span>
     <span class='ocr_line' id='line_1_12' title="bbox 175 1492 1030 1567; baseline -0.002 0"><span class='ocrx_word' id='word_1_37' title='bbox 175 1493 421 1567; x_wconf 83' lang='lat' dir='ltr'>sanetifioetur</span> <span class='ocrx_word' id='word_1_38' title='bbox 470 1517 602 1566; x_wconf 90' lang='lat' dir='ltr'>nomen</span> <span class='ocrx_word' id='word_1_39' title='bbox 653 1497 769 1566; x_wconf 88' lang='lat' dir='ltr'>tuum.</span> <span class='ocrx_word' id='word_1_40' title='bbox 840 1492 1030 1567; x_wconf 81' lang='lat' dir='ltr'>Adveniet</span> 
     </span>
     <span class='ocr_line' id='line_1_13' title="bbox 174 1594 1029 1690; baseline 0 -24"><span class='ocrx_word' id='word_1_41' title='bbox 174 1618 329 1690; x_wconf 85' lang='lat' dir='ltr'>regnum</span> <span class='ocrx_word' id='word_1_42' title='bbox 354 1601 472 1667; x_wconf 89' lang='lat' dir='ltr'>tuum.</span> <span class='ocrx_word' id='word_1_43' title='bbox 525 1594 608 1666; x_wconf 82' lang='lat' dir='ltr'>Fiat</span> <span class='ocrx_word' id='word_1_44' title='bbox 633 1595 803 1668; x_wconf 79' lang='lat' dir='ltr'>voluntas</span> <span class='ocrx_word' id='word_1_45' title='bbox 827 1601 904 1686; x_wconf 80' lang='lat' dir='ltr'>tua,</span> <span class='ocrx_word' id='word_1_46' title='bbox 934 1594 1029 1667; x_wconf 87' lang='lat' dir='ltr'>siout</span> 
     </span>
     <span class='ocr_line' id='line_1_14' title="bbox 175 1693 1029 1788; baseline -0.001 -21"><span class='ocrx_word' id='word_1_47' title='bbox 175 1695 215 1767; x_wconf 93' lang='lat' dir='ltr'>in</span> <span class='ocrx_word' id='word_1_48' title='bbox 249 1695 348 1788; x_wconf 86' lang='lat' dir='ltr'>oaelo,</span> <span class='ocrx_word' id='word_1_49' title='bbox 382 1701 419 1767; x_wconf 92' lang='lat' dir='ltr'>et</span> <span class='ocrx_word' id='word_1_50' title='bbox 457 1693 497 1765; x_wconf 92' lang='lat' dir='ltr'>in</span> <span class='ocrx_word' id='word_1_51' title='bbox 531 1701 639 1766; x_wconf 85' lang='lat' dir='ltr'>terra.</span> <span class='ocrx_word' id='word_1_52' title='bbox 693 1695 831 1768; x_wconf 90' lang='lat' dir='ltr'>Panem</span> <span class='ocrx_word' id='word_1_53' title='bbox 864 1702 1029 1768; x_wconf 88' lang='lat' dir='ltr'>nostrum</span> 
     </span>
     <span class='ocr_line' id='line_1_15' title="bbox 176 1794 1055 1890; baseline 0.001 -23"><span class='ocrx_word' id='word_1_54' title='bbox 176 1794 429 1890; x_wconf 85' lang='lat' dir='ltr'>quotidianum</span> <span class='ocrx_word' id='word_1_55' title='bbox 447 1794 493 1867; x_wconf 83' lang='lat' dir='ltr'>dn</span> <span class='ocrx_word' id='word_1_56' title='bbox 517 1794 622 1867; x_wconf 92' lang='lat' dir='ltr'>nobis</span> <span class='ocrx_word' id='word_1_57' title='bbox 646 1795 764 1868; x_wconf 88' lang='lat' dir='ltr'>hodie.</span> <span class='ocrx_word' id='word_1_58' title='bbox 818 1796 868 1868; x_wconf 87' lang='lat' dir='ltr'>Et</span> <span class='ocrx_word' id='word_1_59' title='bbox 885 1795 1029 1869; x_wconf 91' lang='lat' dir='ltr'>dimitte</span> <span class='ocrx_word' id='word_1_60' title='bbox 1049 1797 1055 1808; x_wconf 82' lang='lat'>&#39;</span> 
     </span>
     <span class='ocr_line' id='line_1_16' title="bbox 176 1895 1029 1983; baseline 0 -15"><span class='ocrx_word' id='word_1_61' title='bbox 176 1896 280 1969; x_wconf 90' lang='lat' dir='ltr'>nobis</span> <span class='ocrx_word' id='word_1_62' title='bbox 294 1895 418 1970; x_wconf 88' lang='lat' dir='ltr'>debita</span> <span class='ocrx_word' id='word_1_63' title='bbox 428 1902 561 1983; x_wconf 84' lang='lat' dir='ltr'>nostra,</span> <span class='ocrx_word' id='word_1_64' title='bbox 576 1895 670 1968; x_wconf 90' lang='lat' dir='ltr'>siout</span> <span class='ocrx_word' id='word_1_65' title='bbox 682 1904 719 1969; x_wconf 89' lang='lat' dir='ltr'>et</span> <span class='ocrx_word' id='word_1_66' title='bbox 728 1920 794 1970; x_wconf 93' lang='lat' dir='ltr'>nos</span> <span class='ocrx_word' id='word_1_67' title='bbox 809 1895 1029 1969; x_wconf 78' lang='lat' dir='ltr'>dimittimus</span> 
     </span>
     <span class='ocr_line' id='line_1_17' title="bbox 177 1995 1029 2070; baseline 0 -1"><span class='ocrx_word' id='word_1_68' title='bbox 177 1995 401 2070; x_wconf 83' lang='lat' dir='ltr'>debitoribus</span> <span class='ocrx_word' id='word_1_69' title='bbox 434 1996 578 2069; x_wconf 81' lang='lat' dir='ltr'>nostn&#39;s.</span> <span class='ocrx_word' id='word_1_70' title='bbox 631 1997 680 2069; x_wconf 86' lang='lat' dir='ltr'>Et</span> <span class='ocrx_word' id='word_1_71' title='bbox 705 2021 751 2069; x_wconf 91' lang='lat' dir='ltr'>ne</span> <span class='ocrx_word' id='word_1_72' title='bbox 786 2021 852 2070; x_wconf 92' lang='lat' dir='ltr'>nos</span> <span class='ocrx_word' id='word_1_73' title='bbox 879 1997 1029 2070; x_wconf 81' lang='lat' dir='ltr'>indueus</span> 
     </span>
     <span class='ocr_line' id='line_1_18' title="bbox 176 2095 1026 2171; baseline 0.001 -3"><span class='ocrx_word' id='word_1_74' title='bbox 176 2099 215 2168; x_wconf 90' lang='lat' dir='ltr'>in</span> <span class='ocrx_word' id='word_1_75' title='bbox 241 2095 489 2170; x_wconf 82' lang='lat' dir='ltr'>tentationem.</span> <span class='ocrx_word' id='word_1_76' title='bbox 545 2097 615 2170; x_wconf 85' lang='lat' dir='ltr'>Sed</span> <span class='ocrx_word' id='word_1_77' title='bbox 644 2096 758 2171; x_wconf 81' lang='lat' dir='ltr'>libem</span> <span class='ocrx_word' id='word_1_78' title='bbox 783 2122 850 2170; x_wconf 90' lang='lat' dir='ltr'>nos</span> <span class='ocrx_word' id='word_1_79' title='bbox 875 2123 895 2169; x_wconf 85' lang='lat' dir='ltr'>a</span> <span class='ocrx_word' id='word_1_80' title='bbox 922 2098 1026 2169; x_wconf 87' lang='lat' dir='ltr'>malo.</span> 
     </span>
     <span class='ocr_line' id='line_1_19' title="bbox 177 2197 1025 2295; baseline 0.002 -26"><span class='ocrx_word' id='word_1_81' title='bbox 177 2198 272 2278; x_wconf 77' lang='lat' dir='ltr'>Quia</span> <span class='ocrx_word' id='word_1_82' title='bbox 289 2205 395 2270; x_wconf 88' lang='lat' dir='ltr'>tuum</span> <span class='ocrx_word' id='word_1_83' title='bbox 413 2204 469 2270; x_wconf 90' lang='lat' dir='ltr'>est</span> <span class='ocrx_word' id='word_1_84' title='bbox 484 2223 650 2293; x_wconf 85' lang='lat' dir='ltr'>regnum,</span> <span class='ocrx_word' id='word_1_85' title='bbox 665 2197 829 2293; x_wconf 83' lang='lat' dir='ltr'>potentia</span> <span class='ocrx_word' id='word_1_86' title='bbox 846 2204 883 2270; x_wconf 89' lang='lat' dir='ltr'>et</span> <span class='ocrx_word' id='word_1_87' title='bbox 900 2199 1025 2295; x_wconf 86' lang='lat' dir='ltr'>gloria,</span> 
     </span>
     <span class='ocr_line' id='line_1_20' title="bbox 176 2298 624 2372; baseline 0.002 -2"><span class='ocrx_word' id='word_1_88' title='bbox 176 2300 216 2370; x_wconf 92' lang='lat' dir='ltr'>in</span> <span class='ocrx_word' id='word_1_89' title='bbox 242 2298 373 2371; x_wconf 81' lang='lat' dir='ltr'>soeculo</span> <span class='ocrx_word' id='word_1_90' title='bbox 399 2299 624 2372; x_wconf 85' lang='lat' dir='ltr'>saeoulorum.</span> 
     </span>
    </p>
   </div>
   <div class='ocr_carea' id='block_1_2' title="bbox 234 2398 1030 2598">
    <p class='ocr_par' dir='ltr' id='par_1_8' title="bbox 234 2398 1030 2598">
     <span class='ocr_line' id='line_1_21' title="bbox 234 2398 747 2472; baseline 0.004 -2"><span class='ocrx_word' id='word_1_91' title='bbox 234 2400 311 2472; x_wconf 73' lang='lat' dir='ltr'>oto.</span> <span class='ocrx_word' id='word_1_92' title='bbox 365 2398 495 2471; x_wconf 82' lang='lat' dir='ltr'>Amen.</span> <span class='ocrx_word' id='word_1_93' title='bbox 746 2439 747 2447; x_wconf 20' lang='grc' dir='ltr'><strong>κ</strong></span> 
     </span>
     <span class='ocr_line' id='line_1_22' title="bbox 234 2498 1030 2598; baseline -0.003 -26"><span class='ocrx_word' id='word_1_94' title='bbox 234 2501 316 2598; x_wconf 74' lang='lat' dir='ltr'>Cep.</span> <span class='ocrx_word' id='word_1_95' title='bbox 370 2498 608 2593; x_wconf 85' lang='lat' dir='ltr'>Omnipotens</span> <span class='ocrx_word' id='word_1_96' title='bbox 647 2501 758 2594; x_wconf 89' lang='lat' dir='ltr'>Deus,</span> <span class='ocrx_word' id='word_1_97' title='bbox 797 2500 861 2594; x_wconf 90' lang='lat' dir='ltr'>qui</span> <span class='ocrx_word' id='word_1_98' title='bbox 897 2498 1030 2573; x_wconf 86' lang='lat' dir='ltr'>dedisti</span> 
     </span>
    </p>
   </div>
   <div class='ocr_carea' id='block_1_3' title="bbox 178 2599 1132 2693">
    <p class='ocr_par' dir='ltr' id='par_1_9' title="bbox 178 2599 1132 2693">
     <span class='ocr_line' id='line_1_23' title="bbox 178 2599 1132 2693; baseline -0.001 -22"><span class='ocrx_word' id='word_1_99' title='bbox 178 2599 283 2673; x_wconf 91' lang='lat' dir='ltr'>nobis</span> <span class='ocrx_word' id='word_1_100' title='bbox 302 2599 439 2672; x_wconf 82' lang='lat' dir='ltr'>Filium</span> <span class='ocrx_word' id='word_1_101' title='bbox 455 2611 572 2693; x_wconf 90' lang='lat' dir='ltr'>tuum,</span> <span class='ocrx_word' id='word_1_102' title='bbox 586 2608 629 2672; x_wconf 88' lang='lat' dir='ltr'>ut</span> <span class='ocrx_word' id='word_1_103' title='bbox 647 2610 741 2673; x_wconf 88' lang='lat' dir='ltr'>esset</span> <span class='ocrx_word' id='word_1_104' title='bbox 758 2607 795 2673; x_wconf 92' lang='lat' dir='ltr'>et</span> <span class='ocrx_word' id='word_1_105' title='bbox 813 2600 1029 2674; x_wconf 86' lang='lat' dir='ltr'>saorifioium</span> <span class='ocrx_word' id='word_1_106' title='bbox 1084 2671 1086 2676; x_wconf 83' lang='grc'><strong>,</strong></span> <span class='ocrx_word' id='word_1_107' title='bbox 1131 2601 1132 2616; x_wconf 72' lang='grc'>’</span> 
     </span>
    </p>
   </div>
   <div class='ocr_carea' id='block_1_4' title="bbox 177 2701 1029 2796">
    <p class='ocr_par' dir='ltr' id='par_1_10' title="bbox 177 2701 1029 2796">
     <span class='ocr_line' id='line_1_24' title="bbox 177 2701 1029 2796; baseline 0 -24"><span class='ocrx_word' id='word_1_108' title='bbox 177 2726 242 2796; x_wconf 87' lang='lat' dir='ltr'>pro</span> <span class='ocrx_word' id='word_1_109' title='bbox 259 2708 405 2796; x_wconf 80' lang='lat' dir='ltr'>peceato</span> <span class='ocrx_word' id='word_1_110' title='bbox 424 2708 461 2773; x_wconf 89' lang='lat' dir='ltr'>et</span> <span class='ocrx_word' id='word_1_111' title='bbox 478 2701 684 2795; x_wconf 87' lang='lat' dir='ltr'>exemplum</span> <span class='ocrx_word' id='word_1_112' title='bbox 708 2726 812 2775; x_wconf 83' lang='lat' dir='ltr'>novoe</span> <span class='ocrx_word' id='word_1_113' title='bbox 830 2711 868 2774; x_wconf 90' lang='lat' dir='ltr'>et</span> <span class='ocrx_word' id='word_1_114' title='bbox 886 2709 1029 2773; x_wconf 84' lang='lat' dir='ltr'>eeternae</span> 
     </span>
    </p>
   </div>
   <div class='ocr_carea' id='block_1_5' title="bbox 178 2799 1132 2896">
    <p class='ocr_par' dir='ltr' id='par_1_11' title="bbox 178 2799 1132 2896">
     <span class='ocr_line' id='line_1_25' title="bbox 178 2799 1132 2896; baseline -0.003 -23"><span class='ocrx_word' id='word_1_115' title='bbox 178 2801 276 2894; x_wconf 83' lang='lat' dir='ltr'>vitoe,</span> <span class='ocrx_word' id='word_1_116' title='bbox 305 2803 351 2874; x_wconf 86' lang='lat' dir='ltr'>da</span> <span class='ocrx_word' id='word_1_117' title='bbox 376 2807 419 2873; x_wconf 94' lang='lat' dir='ltr'>ut</span> <span class='ocrx_word' id='word_1_118' title='bbox 445 2800 559 2896; x_wconf 84' lang='lat' dir='ltr'>gratis</span> <span class='ocrx_word' id='word_1_119' title='bbox 594 2801 777 2875; x_wconf 90' lang='lat' dir='ltr'>mentibus</span> <span class='ocrx_word' id='word_1_120' title='bbox 811 2803 879 2875; x_wconf 89' lang='lat' dir='ltr'>hoo</span> <span class='ocrx_word' id='word_1_121' title='bbox 904 2800 1029 2873; x_wconf 86' lang='lat' dir='ltr'>inesti-</span> <span class='ocrx_word' id='word_1_122' title='bbox 1131 2799 1132 2858; x_wconf 79' lang='grc' dir='ltr'>ἶ</span> 
     </span>
    </p>
   </div>
   <div class='ocr_carea' id='block_1_6' title="bbox 178 2897 1132 3401">
    <p class='ocr_par' dir='ltr' id='par_1_12' title="bbox 178 2897 1132 3401">
     <span class='ocr_line' id='line_1_26' title="bbox 179 2897 1132 2997; baseline -0.003 -22"><span class='ocrx_word' id='word_1_123' title='bbox 179 2903 311 2975; x_wconf 83' lang='lat' dir='ltr'>mobile</span> <span class='ocrx_word' id='word_1_124' title='bbox 332 2901 549 2975; x_wconf 82' lang='lat' dir='ltr'>beneficium</span> <span class='ocrx_word' id='word_1_125' title='bbox 576 2910 822 2997; x_wconf 79' lang='lat' dir='ltr'>agnoscentes,</span> <span class='ocrx_word' id='word_1_126' title='bbox 843 2903 1031 2996; x_wconf 83' lang='lat' dir='ltr'>exemplar</span> <span class='ocrx_word' id='word_1_127' title='bbox 1131 2897 1132 2906; x_wconf 13' lang='grc' dir='ltr'><strong>ἶ</strong></span> 
     </span>
     <span class='ocr_line' id='line_1_27' title="bbox 178 3001 1032 3100; baseline -0.004 -24"><span class='ocrx_word' id='word_1_128' title='bbox 178 3004 265 3076; x_wconf 79' lang='lat' dir='ltr'>vitoe</span> <span class='ocrx_word' id='word_1_129' title='bbox 292 3002 407 3100; x_wconf 87' lang='lat' dir='ltr'>ipsius</span> <span class='ocrx_word' id='word_1_130' title='bbox 433 3002 668 3076; x_wconf 81' lang='lat' dir='ltr'>sanctissimos</span> <span class='ocrx_word' id='word_1_131' title='bbox 693 3009 869 3098; x_wconf 89' lang='lat' dir='ltr'>perpetuo</span> <span class='ocrx_word' id='word_1_132' title='bbox 893 3001 1032 3074; x_wconf 87' lang='lat' dir='ltr'>imitari</span> 
     </span>
     <span class='ocr_line' id='line_1_28' title="bbox 179 3103 1030 3198; baseline -0.006 -20"><span class='ocrx_word' id='word_1_133' title='bbox 179 3106 400 3197; x_wconf 78' lang='lat' dir='ltr'>studeamus,</span> <span class='ocrx_word' id='word_1_134' title='bbox 427 3128 492 3198; x_wconf 89' lang='lat' dir='ltr'>per</span> <span class='ocrx_word' id='word_1_135' title='bbox 527 3105 681 3176; x_wconf 90' lang='lat' dir='ltr'>eundem</span> <span class='ocrx_word' id='word_1_136' title='bbox 716 3113 881 3176; x_wconf 85' lang='lat' dir='ltr'>nostrum</span> <span class='ocrx_word' id='word_1_137' title='bbox 908 3103 1030 3174; x_wconf 90' lang='lat' dir='ltr'>Iesum</span> 
     </span>
     <span class='ocr_line' id='line_1_29' title="bbox 181 3202 1032 3298; baseline -0.007 -18"><span class='ocrx_word' id='word_1_138' title='bbox 181 3207 367 3280; x_wconf 82' lang='lat' dir='ltr'>Christum</span> <span class='ocrx_word' id='word_1_139' title='bbox 412 3203 547 3275; x_wconf 85' lang='lat' dir='ltr'>Filium</span> <span class='ocrx_word' id='word_1_140' title='bbox 591 3212 707 3297; x_wconf 89' lang='lat' dir='ltr'>tuum,</span> <span class='ocrx_word' id='word_1_141' title='bbox 750 3204 814 3298; x_wconf 90' lang='lat' dir='ltr'>qni</span> <span class='ocrx_word' id='word_1_142' title='bbox 856 3202 951 3278; x_wconf 86' lang='lat' dir='ltr'>vivit</span> <span class='ocrx_word' id='word_1_143' title='bbox 993 3210 1032 3275; x_wconf 90' lang='lat' dir='ltr'>et</span> 
     </span>
     <span class='ocr_line' id='line_1_30' title="bbox 179 3303 1029 3401; baseline -0.005 -22"><span class='ocrx_word' id='word_1_144' title='bbox 179 3313 308 3401; x_wconf 83' lang='lat' dir='ltr'>regnat</span> <span class='ocrx_word' id='word_1_145' title='bbox 333 3305 372 3377; x_wconf 92' lang='lat' dir='ltr'>in</span> <span class='ocrx_word' id='word_1_146' title='bbox 406 3304 549 3376; x_wconf 87' lang='lat' dir='ltr'>unitate</span> <span class='ocrx_word' id='word_1_147' title='bbox 584 3305 740 3398; x_wconf 85' lang='lat' dir='ltr'>Spiritus</span> <span class='ocrx_word' id='word_1_148' title='bbox 767 3303 891 3377; x_wconf 80' lang='lat' dir='ltr'>Sancti</span> <span class='ocrx_word' id='word_1_149' title='bbox 916 3304 1029 3398; x_wconf 89' lang='lat' dir='ltr'>Deus,</span> 
     </span>
    </p>
   </div>
   <div class='ocr_carea' id='block_1_7' title="bbox 179 3405 800 3578">
    <p class='ocr_par' dir='ltr' id='par_1_13' title="bbox 179 3405 800 3578">
     <span class='ocr_line' id='line_1_31' title="bbox 179 3405 800 3502; baseline -0.002 -24"><span class='ocrx_word' id='word_1_150' title='bbox 179 3431 244 3502; x_wconf 86' lang='lat' dir='ltr'>per</span> <span class='ocrx_word' id='word_1_151' title='bbox 270 3405 389 3478; x_wconf 87' lang='lat' dir='ltr'>omnia</span> <span class='ocrx_word' id='word_1_152' title='bbox 415 3405 547 3477; x_wconf 85' lang='lat' dir='ltr'>saeoula</span> <span class='ocrx_word' id='word_1_153' title='bbox 575 3406 800 3478; x_wconf 73' lang='lat' dir='ltr'>soeculorum.</span> 
     </span>
     <span class='ocr_line' id='line_1_32' title="bbox 237 3507 498 3578; baseline -0.004 -1"><span class='ocrx_word' id='word_1_154' title='bbox 237 3507 314 3578; x_wconf 71' lang='lat' dir='ltr'>ouo.</span> <span class='ocrx_word' id='word_1_155' title='bbox 366 3507 498 3577; x_wconf 84' lang='lat' dir='ltr'>Amen.</span> 
     </span>
    </p>
   </div>
   <div class='ocr_carea' id='block_1_8' title="bbox 0 0 1148 3782">
    <p class='ocr_par' dir='ltr' id='par_1_14' title="bbox 0 0 1148 3782">
     <span class='ocr_line' id='line_1_33' title="bbox 0 0 1148 3782; baseline 0 0"><span class='ocrx_word' id='word_1_156' title='bbox 0 0 1148 3782; x_wconf 95' lang='lat' dir='ltr'> </span> 
     </span>
    </p>
   </div>
  </div>
 </body>
</html>
