2274 3782
519 287 564 358 41

126 501 171 572 Ic
195 501 286 571 obita
319 498 489 593 Mapetri
511 499 564 570 ccl
599 497 773 593 Discpruli
805 497 962 588 alicuju-a

178 646 259 742 Cap.
311 644 544 740 Omnipotens
569 651 606 716 et
630 643 827 716 misericors
849 644 963 730 Deus.

123 745 232 816 Pater
244 743 392 815 Domini
408 743 521 815 nostri
548 744 634 815 Iesu
660 743 804 835 Christi,
826 743 890 836 qui
907 751 961 814 est

121 843 333 915 resurrectio
361 849 398 915 et
427 842 511 934 vita,
548 841 588 914 in
615 867 721 937 quem
756 842 966 936 quicunque

122 942 314 1014 crediderit
331 942 441 1033 vivet,
462 941 602 1014 etiamsi
624 941 806 1032 moriatur,
828 947 864 1012 et
882 941 965 1034 qui-·

122 1065 263 1136 cunque
279 1040 373 1114 vivit
391 1047 428 1112 et
444 1040 557 1112 credit
574 1039 614 1111 in
629 1040 749 1135 ipsum
765 1041 805 1112 in
822 1065 964 1112 omnem

121 1141 359 1212 aeternitatem
368 1165 440 1212 non
457 1139 650 1212 morietur:
671 1140 804 1234 gratias
822 1138 966 1234 agimus

120 1238 191 1310 tibi
200 1239 400 1331 immensas,
414 1239 510 1335 quod
519 1239 668 1311 fratrem
690 1241 786 1310 hunc
799 1246 960 1311 nostrum

120 1338 219 1409 Nm.
251 1363 298 1409 ex
333 1338 500 1410 aerumnis
533 1337 645 1436 hujus
672 1337 757 1410 vitae
792 1338 964 1432 expedire

120 1436 289 1529 voluisti;
315 1444 422 1531 teque
439 1435 617 1532 supplices
628 1460 823 1530 precamur,
839 1443 881 1509 ut
897 1461 963 1507 nos

120 1536 271 1608 suscites
284 1561 305 1608 a
318 1542 430 1608 morte
448 1535 585 1630 peccati
598 1536 645 1607 ad
656 1535 769 1608 vitam
785 1535 960 1633 justitiae;

120 1641 173 1727 ut,
197 1659 310 1728 quum
337 1635 540 1707 decedimus
565 1634 611 1707 ab
636 1635 702 1706 hac
727 1634 813 1726 vita,
843 1635 961 1728 quies-

68 1785 69 1788 ,
120 1759 242 1806 camus
274 1734 314 1805 in
342 1759 439 1829 pace,
471 1739 579 1827 prout
612 1758 692 1828 spes
726 1739 781 1806 est
812 1735 960 1805 fratrem

119 1834 216 1906 hunc
244 1840 406 1906 nostrum
427 1833 631 1929 quiescere;
668 1838 704 1905 et
730 1839 773 1905 ut
801 1832 840 1904 in
868 1857 961 1904 ccm-

120 1931 222 2003 muni
263 1932 326 2003 illa
365 1932 518 2005 extremi
568 1932 641 2004 diei
690 1932 957 2007 resurrectione.

119 2030 338 2124 reperiamur
354 2031 490 2126 accepti
507 2055 623 2103 coram
640 2036 688 2123 te,
704 2031 962 2124 audiamusque

120 2129 426 2223 exoptatissimam
460 2130 560 2202 illam
590 2130 675 2202 Filii
705 2131 761 2202 tui
794 2130 960 2202 benedic·

118 2229 274 2300 tionem:
313 2231 435 2321 Venite,
455 2230 619 2301 benedicti
650 2231 774 2301 Patris
804 2230 877 2321 mci,
908 2256 960 2300 re·

119 2329 221 2423 cc'pc‘tc
261 2339 398 2422 regnum
432 2330 522 2400 illud
553 2331 642 2422 quod
672 2330 762 2401 cebir
792 2334 959 2425 paratum

110 2428 189 2520 fcit
204 2430 245 2498 ab
262 2429 389 2522 origine
414 2427 540 2499 muudi.
592 2427 740 2521 Largire
765 2427 843 2518 hoc,
863 2451 960 2522 quae·

118 2551 242 2598 sumus
258 2533 305 2619 te,
333 2525 590 2620 benignissime
615 2527 733 2618 Pater,
757 2550 821 2618 per
838 2526 958 2598 Iesum

119 2623 302 2697 Christum
356 2625 592 2697 Mediatcrem
651 2631 687 2696 et
739 2625 957 2698 Servctcrem

117 2732 289 2796 nostrum.

174 2823 250 2894 Oto.
302 2824 431 2895 Amen.
