2274 3782
88 407 161 478 Pro
187 405 409 496 Parentibus,
431 403 720 499 Praeceptoriboc
742 408 778 474 ct
792 402 935 474 Amz'ca'a.

141 506 223 604 Cap.
277 503 438 576 Aeterne
458 504 571 594 Deus,
592 503 703 575 Pater
719 501 870 575 Domini
895 527 937 574 ac

88 604 285 680 Servatoris
302 604 417 677 nostri
435 602 522 676 Iesu
534 603 682 696 Christi,
696 602 760 698 qui
770 610 938 698 parentes

48 743 50 750 r
89 705 204 800 nobis,
223 711 474 801 praeceptores,
494 703 699 799 amicosque
716 703 935 797 concessisti,

87 814 129 881 ut
145 812 277 879 nostrae
296 806 398 878 aetati
423 831 481 878 res
506 805 727 879 necessarias
744 804 937 878 subminis-

87 914 234 1000 trarent,
256 931 335 979 eam
353 906 514 979 inbonis
540 905 657 978 literis
675 931 716 978 ac
735 905 939 1001 disciplinis

87 1011 293 1100 educarent,
315 1006 464 1080 consilio
491 1006 648 1101 denique
666 1014 702 1080 et
719 1007 867 1079 monitis
884 1031 938 1078 er-

88 1115 227 1182 rantem
252 1107 292 1180 in
316 1107 415 1181 viam
439 1114 669 1180 revocarent:
707 1107 939 1207 Majestatem

88 1218 188 1284 tuam
213 1208 425 1304 suppliciter
458 1233 612 1303 oramus,
639 1232 704 1303 pro
728 1207 940 1302 parentibus

88 1309 156 1383 filii
181 1309 430 1403 obsequentes,
450 1333 515 1404 pro
532 1309 815 1403 praeceptoribus
833 1307 940 1381 disci-

88 1409 167 1506 puli
184 1409 343 1502 officiosi,
356 1434 422 1504 pro
439 1409 564 1481 amicis
581 1409 685 1504 pueri
698 1408 871 1504 ingenui;
898 1417 941 1481 ut

91 1536 149 1584 eos
176 1535 298 1583 omnes
324 1518 388 1581 tua
413 1508 658 1582 misericordia
676 1509 847 1605 digneris,
868 1535 940 1605 quo

90 1619 128 1684 et
143 1616 381 1706 praeceptores
398 1608 551 1682 literarii
562 1634 627 1682 suo
641 1634 727 1705 erga
738 1619 774 1682 te
784 1610 824 1683 in
836 1610 941 1683 nobis

91 1711 299 1785 erudiendis
325 1710 441 1784 officio
474 1710 747 1805 defungantur;
773 1718 942 1805 parentes

89 1811 205 1884 nostri
238 1817 501 1906 praeceptorum
537 1810 739 1906 diligentiae
774 1811 813 1883 in
837 1811 942 1884 nobis

90 1912 287 1985 educandis
304 1911 384 2008 pari
410 1911 529 1984 studio
547 1912 809 2006 respondeant;
836 1912 943 1985 amici

89 2013 206 2086 nostri
222 2037 287 2107 pro
304 2012 480 2084 facultate
498 2037 562 2084 sua
588 2017 720 2084 nostrae
737 2011 943 2085 infirmitati

90 2113 301 2186 consulant:
340 2119 394 2205 ut,
431 2138 545 2207 quum
580 2113 726 2185 tandem
760 2114 944 2186 reddenda

92 2213 163 2286 erit
174 2213 248 2286 illis
260 2219 393 2286 nostrae
407 2212 631 2286 educationis
642 2213 944 2308 correctionisque

90 2313 195 2408 ratio,
224 2338 307 2386 cum
333 2313 467 2409 gaudio
503 2338 582 2385 eam
611 2314 775 2407 reddant,
805 2320 843 2387 et
868 2339 943 2387 suae

91 2439 179 2510 erga
195 2438 261 2487 nos
277 2413 427 2509 pietatis
439 2413 626 2509 studiique
636 2414 826 2509 praemium
839 2422 943 2489 aeter·

90 2540 180 2588 num
207 2527 485 2608 consequantur,
514 2539 580 2609 per
606 2513 730 2587 Iesum
757 2514 944 2590 Christum

90 2613 289 2689 Dominum
307 2621 480 2688 nostrum.

149 2716 225 2789 olo.
277 2716 409 2788 Amen.

421 2816 625 2913 Versiculos.

150 2917 233 3014 Gap.
262 2915 943 3010 Cormundumcreainnobirr,Dominess

150 3018 227 3090 Oto.
280 3017 330 3088 Et
357 3016 532 3112 Spiritum
567 3016 739 3089 Sanctum
768 3024 874 3090 tuum
899 3043 945 3091 ne

90 3119 238 3190 auferas
255 3141 277 3189 a
293 3116 410 3190 nobis,

151 3218 232 3314 Cap.
286 3216 412 3290 Gloria
429 3217 544 3312 Patri,
558 3224 595 3290 et
613 3216 720 3312 Filio,
737 3225 774 3291 et
792 3218 946 3313 Spiritui

90 3319 235 3392 Sancto.

151 3419 228 3491 Oto.
282 3418 384 3492 Sicut
397 3418 726 3514 eratinprinoipio,
739 3426 776 3492 et
785 3443 893 3513 nuno,
908 3428 945 3492 et

91 3544 245 3614 semper,
266 3519 360 3593 etin
378 3521 510 3592 saecula
527 3520 751 3592 saeculorum.
814 3520 946 3592 Amen.
1036 3527 1039 3537 ’
1084 3577 1110 3579 -
