2274 3782
520 300 542 376 5

114 501 640 596 intelligamussedctiamtota
650 503 951 573 menteetvolun·

8 615 9 622 ’
33 635 73 705 Α
112 609 187 674 tate
199 625 462 695 persequamur,
478 600 877 694 etinfflfflbenignitate
890 606 953 672 tua

112 710 192 772 tum
209 700 369 772 doctrina
385 707 464 772 tum
480 700 613 793 pietate
629 700 876 794 proficiamus3
897 706 950 790 ut,

113 800 178 894 qui
193 799 303 894 efficis
325 799 443 870 omnia
463 798 501 869 in
523 797 696 890 omnibus,
716 799 755 869 in
780 796 882 869 nobis
898 822 952 868 re-

114 899 356 991 splendescere
381 899 473 971 dona
497 913 561 970 tuo
585 897 706 989 facias,
733 899 780 970 ad
804 897 952 990 gloriam

114 997 365 1090 sempiternam
394 997 604 1069 immomalis
634 995 837 1094 Majestatis
867 1008 950 1088 tuac,

114 1121 177 1189 per
203 1097 332 1194 Iesum
350 1096 532 1169 Christum
557 1095 752 1167 Dominum
780 1102 952 1167 nostrum.

170 1195 246 1267 Olea.
295 1196 424 1268 Amen.

211 1411 212 1416 ἵ
354 1318 470 1388 Oratio
489 1342 557 1412 pro
582 1311 725 1410 Regino.

172 1417 252 1513 Cap.
306 1416 539 1509 Omnipotens
555 1416 664 1506 Deus,
681 1413 786 1512 cujus
802 1436 953 1508 regnum

116 1522 172 1588 est
189 1523 362 1611 aeternum
379 1520 415 1586 et
439 1513 599 1608 potentia
616 1512 767 1606 infinita,
788 1512 954 1584 miserere

115 1614 292 1686 universae
310 1613 489 1704 Ecclesiae,
505 1619 542 1684 et
559 1613 609 1690 sio
627 1612 743 1706 dirige
756 1635 815 1684 cor
832 1612 953 1683 electae

116 1713 261 1784 famulae
291 1720 364 1785 tuae
391 1712 562 1785 Victoriae
590 1712 724 1806 reginae
751 1717 892 1802 nostrae,
912 1722 954 1782 ut

117 1819 306 1907 cognoscat
339 1836 376 1883 se
404 1836 480 1883 esse
497 1835 647 1885 ‚servam
676 1818 786 1902 tuam,
811 1816 848 1881 et
871 1815 953 1881 ante

10 1987 15 1994 ,
118 1911 237 1984 omnia
254 1918 392 2005 quaerat
410 1909 560 2005 gloriam
578 1916 615 1981 et
639 1911 952 1999 honorem.tuum;

119 2018 156 2083 ot
189 2018 232 2083 ut
265 2036 329 2082 nos
364 2010 397 2081 ei
431 2008 597 2108 sabjecti,
634 2015 876 2104 agnoscentes
912 2013 954 2078 ut

118 2112 231 2202 decet,
247 2135 325 2181 eam
343 2134 364 2180 a
380 2123 416 2180 te
433 2109 564 2180 habere
580 2107 781 2201 imperium,
800 2106 955 2178 fideliter

118 2209 152 2280 ei
196 2209 401 2300 serviamus,
444 2232 521 2279 eam
562 2208 785 2298 honoremus,
807 2205 859 2276 'et
873 2205 954 2276 ,obi

118 2333 309 2400 sequamur
325 2306 395 2401 ipsi
418 2331 499 2378 curn
528 2306 625 2377 omni
650 2302 953 2394 submissionem

118 2414 153 2478 te
180 2414 216 2478 et
240 2412 454 2500 propterte,
480 2405 588 2503 juxta
604 2410 822 2499 praeoeptum
838 2410 952 2493 tuum,
1095 2447 1097 2454 ·

116 2530 181 2599 per
199 2507 320 2576 Iesum
338 2503 520 2576 Christum
537 2503 731 2584 Dominum
748 2510 918 2575 nostrum.

175 2602 250 2674 0120.
302 2603 431 2674 Amen.

442 2727 640 2797 Versiculos,

175 2827 255 2922 Ocp.
307 2826 470 2918 Domine,
492 2825 626 2897 salvam
643 2825 700 2894 fac
726 2823 912 2918 Reginam.

175 2927 250 2997 (llo.
303 2927 351 2996 Et
368 2925 500 2996 exaudi
513 2949 577 2995 nos
590 2948 671 2995 cum
689 2923 894 2994 invocamus
906 2928 954 2994 te.

175 3025 255 3119 Cap
309 3023 432 3096 Gloria
449 3024 561 3114 Patri,
575 3033 611 3094 et
629 3022 732 3113 Filia,
753 3028 789 3093 et
807 3021 956 3115 Spiritui

10 3157 12 3162 ¹
120 3125 258 3194 Sancto.
1035 3121 1037 3124 ’

175 3223 250 3294 Cho,
304 3222 403 3294 Sicut
414 3228 490 3293 erat
502 3221 541 3292 in
552 3220 737 3314 principio,
751 3227 788 3291 et
799 3243 905 3311 nuno,
921 3223 959 3290 et

119 3346 267 3414 semper,
287 3330 323 3393 et
340 3322 378 3392 in
395 3320 525 3393 saecula
543 3320 762 3391 saeculorum.
820 3319 941 3389 Amen.
