2274 3782
472 387 518 460 19

74 592 151 665 illos
178 593 227 665 sic
251 591 451 687 disputasti,
471 603 514 664 ut
534 591 727 685 stupefacti
754 590 912 665 universi

73 698 171 763 trram
188 716 295 785 super
311 691 545 763 excellentem
568 690 778 784 sapientiam
801 692 911 763 admi-

73 797 245 883 rarentur,
282 797 319 863 te
353 814 557 884 quaesumus
593 795 636 861 ut
668 788 708 861 in
749 791 815 862 hac
849 796 912 863 tua

74 889 209 982 Schola,
246 888 305 962 cui
338 913 450 983 praees
485 894 522 960 et
554 887 796 983 patrocinaris,
834 913 912 961 eam

73 989 232 1081 quotidie
249 989 425 1061 discamus
436 994 473 1061 et
484 987 707 1060 literaturam
725 996 761 1059 et
773 988 910 1082 sapien-

70 1086 169 1180 tiam,
190 1113 260 1182 qua
276 1087 452 1182 possimus
469 1086 509 1160 in
524 1085 650 1181 primis
666 1093 712 1179 te,
734 1087 829 1180 Iesu,
847 1088 909 1182 qui

71 1211 108 1258 es
124 1211 210 1260 vera
233 1185 416 1280 sapientia,
436 1209 656 1282 cognoscere,
676 1186 804 1258 deinde
829 1210 910 1281 cog·
1034 1219 1037 1223 ·

71 1286 189 1358 nitum
207 1287 359 1358 eundem
375 1293 412 1357 te
429 1286 543 1358 colere
569 1291 606 1357 et
621 1284 777 1376 imitari;
804 1291 911 1378 atque

70 1385 108 1456 in
124 1387 192 1458 hac
208 1385 311 1458 brevi
327 1385 403 1458 vita
420 1383 470 1457 sie
488 1383 669 1456 ambulare
691 1384 731 1454 in
746 1384 807 1456 via
829 1384 910 1456 doe·

69 1483 175 1556 trinae
198 1492 282 1576 tute,
302 1507 470 1579 sequaces
492 1482 728 1578 vestigiorum
754 1488 908 1574 tuorum,

69 1589 122 1676 ut,
143 1607 214 1677 quo
239 1581 435 1676 pervenisti
462 1581 550 1676 ipse,
578 1582 624 1652 ad
648 1581 805 1674 aliquam
832 1581 911 1679 ejus

69 1681 194 1775 gloriae
218 1687 366 1776 partem,
394 1681 604 1754 decedentes
638 1704 685 1752 ex
718 1681 784 1753 hac
817 1679 908 1772 luce,

57 1781 246 1873 ‘possimus
270 1804 335 1853 nos
361 1804 502 1876 quoque
527 1786 591 1852 tua
616 1779 732 1874 gratia
757 1777 911 1851 feliciter

67 1879 266 1972 pervenire.

125 1980 201 2051 0120.
254 1979 382 2051 Amen.

392 2148 591 2222 Versiculos.

126 2275 207 2368 Cap.
258 2271 436 2344 Dominus
488 2270 698 2364 sapientiam
748 2269 910 2341 infrmdit

66 2371 238 2466 parvulis.

125 2472 201 2542 Oto.
253 2470 429 2541 Dominus
479 2468 560 2541 illos
589 2467 793 2575 ⁸magistris
835 2467 910 2538 suis

66 2570 244 2642 doctiores
266 2569 363 2640 facit.

124 2770 205 2864 Cap.
258 2765 536 2840 GratiaDomini
548 2764 905 2856 nostriIesuOhristi,

66 2874 103 2940 et
140 2866 269 2938 caritas
302 2865 383 2958 Dei,
416 2873 452 2937 et
482 2864 753 2938 communicatio
789 2863 906 2936 Sancti

64 2965 234 3062 Spiritus,
260 2964 307 3037 sit
333 2989 471 3057 semper
495 2989 577 3036 cum
603 2962 768 3035 omnibus
793 2960 904 3034 nobis.

123 3065 200 3136 tto.
251 3063 379 3134 Amen.
