2274 3782
534 367 595 476 'er

201 597 373 687 Secundo,
399 595 444 666 win
468 595 588 666 Deum
612 594 755 686 Filium,
785 592 849 687 qui
873 617 930 666 me
956 599 992 665 et

153 701 269 771 totum
287 719 399 790 genus
416 693 613 766 humanum
631 692 791 766 redemit.

201 795 332 886 Tertio,
368 793 408 865 in
442 792 614 887 Spiritum
657 793 989 882 nonsummum,

152 894 215 988 qui
232 919 288 966 me
306 901 343 967 et
360 917 480 966 omnes
497 893 628 964 eleetos
648 891 719 964 Dei
742 889 991 978 sanctificavit.

389 1113 392 1118 ·
444 1105 698 1182 ouAEsrro.

202 1243 356 1317 Dicebas
382 1245 610 1338 Suseeptores
631 1249 713 1316 tuos
737 1250 773 1315 et
797 1242 993 1336 Suseeptri-

154 1369 211 1417 ees
244 1350 308 1416 tuo
341 1343 484 1415 nomine
518 1341 730 1437 promisisse,
757 1348 795 1414 to
828 1342 995 1414 mandata

153 1443 224 1515 Dei
241 1449 485 1514 servaturum:
510 1441 579 1514 Dio
596 1440 686 1512 mihi
703 1447 791 1535 quot
808 1447 893 1512 sunt
910 1435 996 1512 illa?

420 1663 726 1725 RESPONSIO.

204 1771 348 1842 Deoem.

446 1963 685 2040 onnsrro
724 1943 726 1948 ’
863 1944 865 1950 '

205 2074 294 2152 Qnae
312 2078 397 2144 sunt
413 2071 504 2144 ina?

421 2267 730 2329 RESPONSIO.

206 2392 262 2462 En
279 2390 356 2484 ipsa
374 2413 454 2483 quae
472 2389 572 2460 Deus
588 2386 739 2460 nanim
765 2387 880 2481 eapite
898 2387 998 2481 vige·

156 2490 245 2563 simo
280 2488 409 2580 Exodi,
442 2487 572 2579 dicens,
605 2488 684 2582 Ego
718 2511 797 2558 sum
822 2486 1000 2558 Dominus

155 2590 257 2662 Deus
272 2595 368 2679 tuus,
389 2585 453 2681 qui
470 2585 581 2658 eduxi
598 2591 634 2658 te
653 2587 809 2658 deterre
829 2585 995 2680 AEgypti,

157 2689 201 2760 de
219 2689 322 2759 domo
340 2685 535 2758 servitutis.

207 2787 238 2857 I.
265 2786 349 2857 Non
365 2783 515 2856 habebis
531 2785 628 2856 Deos
645 2783 779 2856 alienos
796 2807 913 2854 eoram
930 2807 996 2853 me.

208 2886 261 2957 Π.
288 2884 372 2957 Non
388 2882 499 2956 facies
512 2883 581 2956 ribi
599 2882 774 2977 soulptile‚
790 2906 907 2976 neque
925 2906 999 2953 om-

157 3008 239 3055 nem
266 2981 537 3055 similitudinem
572 3007 652 3075 quae
678 2988 733 3053 est
757 2981 907 3065 incaelo
938 2981 997 3051 de-

158 3107 274 3176 super,
301 3088 337 3154 et
363 3106 443 3175 quae
473 3081 512 3152 in
536 3086 632 3153 terra
657 3082 831 3172 deorsum,
851 3104 915 3151 neo
942 3103 1000 3151 eo-

157 3206 239 3252 rum
264 3205 344 3273 qnae
370 3187 454 3252 sunt
478 3179 517 3251 in
542 3179 644 3273 aquis
670 3180 737 3251 sub
759 3188 863 3252 term.
915 3178 999 3249 Non

159 3279 322 3352 adorabis
340 3303 390 3370 ea,
410 3303 527 3372 neque
553 3279 667 3370 ooles3
694 3279 773 3372 Ego
798 3278 891 3350 onim
920 3301 998 3349 sum

158 3379 334 3451 Dominus
359 3378 459 3449 Deus
483 3383 578 3469 tuus,
599 3378 699 3449 Deus
723 3376 837 3468 fortis,
856 3378 999 3467 zelotes
