2274 3782
563 255 611 327 40

542 457 635 527 Alia.

222 558 302 653 Gap.
356 554 590 648 Omnipotens
624 565 756 627 aeterne
790 554 901 646 Deus,
947 556 1013 646 qui

168 681 282 728 eseam
296 655 359 726 das
372 653 583 726 timentibus
600 659 647 745 te,
662 652 795 746 quique
812 651 1013 724 esurientes

167 754 270 827 bonis
297 752 444 847 implere
472 752 573 844 soles,
606 751 738 846 gratias
767 751 907 846 agimus
941 749 1012 822 tibi

167 878 229 948 pro
249 850 426 924 universis
448 850 632 923 benefieiis
656 850 753 941 tuis;
780 850 843 943 qui
860 848 955 921 vivis
974 857 1012 920 et

167 975 295 1046 regnas
319 951 358 1021 in
383 949 513 1022 saecula
539 949 759 1022 saeculorum.
868 965 870 968 ·

223 1051 298 1121 Olao.
351 1048 478 1120 Amen.

543 1159 635 1230 Alia.

223 1259 303 1354 Cap.
357 1257 591 1352 Omnipotens
611 1259 721 1350 Deus,
741 1257 1012 1330 miserationum
1115 1305 1117 1334 t

168 1361 326 1429 omnium
356 1357 474 1449 Pater,
503 1357 567 1450 qui
583 1355 712 1429 'eibum
737 1356 840 1429 nobis
870 1355 1013 1428 affatim
1116 1337 1118 1392 ἕ

167 1455 364 1550 praebuisti,
402 1456 457 1547 da,
496 1479 711 1550 quaesumus,
748 1456 894 1528 famulis
934 1454 1013 1526 tuis

167 1578 293 1648 panem
311 1554 415 1626 illum
441 1554 628 1645 caelestem,
644 1560 774 1626 utnon
799 1553 1009 1644 esuriamus,
1121 1595 1122 1600 =

166 1660 203 1725 et
232 1678 361 1747 aquam
391 1652 548 1745 vitalem,
568 1659 610 1725 ut
634 1677 709 1724 non
735 1652 896 1726 sitiamus
908 1672 917 1743 ;
945 1677 1012 1747 per

168 1753 290 1824 Iesum
317 1751 499 1824 Christum
524 1751 718 1824 Dominum
744 1758 915 1824 nostrum.

222 1851 297 1922 Cho.
349 1851 478 1922 Amen.

202 1998 249 2068 In
268 2002 411 2092 tempore
423 1998 541 2092 proves
554 1997 672 2067 Morbi
686 1999 738 2069 ael
753 1997 976 2068 Pestilentia.

222 2095 303 2192 Cap.
354 2096 464 2187 Deus,
485 2095 543 2167 oui
565 2094 747 2188 proprium
773 2101 826 2167 est
849 2094 1010 2166 misereri

167 2217 305 2286 semper
322 2199 359 2265 et
375 2216 530 2288 parcere,
551 2194 690 2287 suscipe
707 2195 771 2265 has
788 2193 1007 2288 precationes

166 2301 304 2364 nostras
319 2312 329 2383 ;
347 2298 399 2384 ut,
413 2316 502 2385 quos
515 2292 726 2364 deliotorum
744 2299 868 2364 eatena
880 2292 1006 2364 misere

168 2391 389 2485 constringit,
428 2391 616 2463 elementia
649 2391 900 2466 misericordiae
933 2397 1005 2462 tuae

167 2489 278 2562 libere
295 2489 466 2563 absolvat.
518 2490 564 2561 In
586 2498 633 2582 te,
653 2489 816 2582 Domine,
837 2515 917 2584 spes
934 2489 1005 2562 sola

167 2596 221 2660 est
245 2587 459 2681 viventibus,
479 2594 516 2660 et
532 2588 609 2661 vita
631 2589 876 2661 morientibus.
930 2588 1004 2662 oir-

167 2688 295 2759 oumda
324 2711 389 2758 nos
423 2693 523 2758 souto
557 2687 721 2759 veritatis
754 2694 838 2779 tuae,
866 2695 909 2760 ut
941 2711 1004 2758 neo

167 2785 335 2879 sagittam
374 2786 554 2857 volantem
590 2785 630 2857 in
664 2785 733 2879 die,
772 2811 838 2858 nee
872 2792 1004 2880 pestem

167 2892 386 2976 grassantem
420 2883 459 2955 in
493 2883 650 2956 tenebris
692 2884 1003 2979 pertimescamus3

168 2983 231 3054 sed
250 2982 289 3053 in
314 2982 493 3080 adjutorio
511 2981 693 3055 Altissimi
718 2983 920 3056 habitantes
939 2983 1004 3055 tibi

166 3081 249 3153 laeto
263 3081 380 3153 animo
394 3081 600 3174 serviamus,
612 3106 677 3176 per
690 3082 810 3154 Iesum
823 3082 1003 3170 Christum

167 3180 360 3253 Dominum
377 3186 548 3252 nostrum.

221 3281 297 3350 ooo.
348 3277 477 3350 Amen.
