2274 3782
614 309 659 380 14

474 510 570 606 ⁴Dm
607 509 771 581 Sannum.

539 643 693 714 Veroioul
735 699 742 714 .

262 745 345 841 Gap.
397 743 564 836 Domine,
595 750 718 816 averte
748 744 880 816 faeiem
908 753 1014 818 tuam
1048 773 1071 819 a

203 844 361 940 peccatis
386 845 533 917 nostris.

262 980 340 1052 ooo.
394 980 444 1052 Et
490 1003 612 1051 omnes
663 978 877 1073 iniquitates
921 988 1071 1055 nostras

205 1079 296 1154 dolo.

482 1181 564 1278 Oap.
618 1159 783 1254 Oramus.

262 1281 345 1375 Oup.
398 1280 509 1353 Pater
542 1287 674 1373 noster,
709 1283 772 1375 qui
799 1306 845 1354 es
880 1281 916 1354 in
947 1283 1065 1376 oaelis,

206 1380 452 1455 sanctificetur
503 1406 635 1455 nomen
686 1389 802 1454 tuum.
874 1383 1067 1457 Adveniet

205 1507 360 1580 regnum
385 1488 502 1554 tuum.
553 1483 639 1555 'Fiat
664 1482 834 1554 voluntas
860 1490 934 1576 tua,
964 1483 1066 1558 siout
1105 1499 1109 1510 ’

206 1584 246 1656 in
280 1584 379 1676 eaelo,
417 1589 454 1654 ot
488 1582 528 1655 in
562 1592 670 1656 terra.
723 1585 859 1656 Panem
894 1593 1065 1658 nostrum

206 1683 459 1778 quotidianum
483 1685 528 1756 da
548 1684 652 1757 nobis
673 1683 790 1756 hodie.
844 1685 893 1756 Et
914 1685 1066 1758 dimitte

205 1783 311 1857 nobis
322 1781 445 1858 debita
458 1793 593 1878 nostra,
610 1785 705 1857 siout
716 1795 752 1856 et
763 1809 828 1858 nos
839 1783 1064 1858 dimittimus

206 1883 430 1958 debitoribus
446 1885 590 1958 nostris.
643 1886 692 1958 Et
708 1910 755 1957 ne
768 1909 833 1959 nos
851 1885 1000 1958 inducas
1019 1886 1062 1959 in

204 1985 452 2059 tentationem.
489 1986 686 2059 Sedlibera
699 2011 765 2058 nos
782 2012 802 2057 a
820 1986 924 2059 malo.
962 1987 1062 2066 Quia

203 2097 309 2159 tuum
338 2094 392 2159 est
421 2112 586 2181 rognum,
612 2086 773 2181 potentia
801 2094 838 2158 et
866 2086 992 2182 gloria,
1017 2088 1061 2160 in

204 2188 335 2260 saeoula
361 2189 584 2260 soeculorum.

260 2289 337 2362 ooo.
391 2290 522 2362 Amen.

485 2439 567 2536 Cap.
621 2438 784 2510 Oramus.

259 2555 341 2653 Cap.
393 2556 549 2627 Domine
584 2563 716 2648 saneto,
750 2556 860 2628 Pater
894 2555 1058 2648 omnipo-

203 2665 293 2750 tens,
314 2661 449 2728 aeterne
466 2657 578 2748 Deus,
599 2656 750 2751 quinos
769 2657 815 2728 ad
834 2655 1057 2752 principium
1122 2743 1123 2752 ἵ

202 2757 316 2856 hujus
335 2756 408 2829 diei
424 2758 614 2852 pervenire
632 2757 764 2849 fecisti,
781 2762 845 2829 tua
863 2782 929 2830 nos
946 2755 1058 2829 hodie
1122 2813 1123 2856 ἢ

202 2882 306 2930 serva
331 2857 479 2952 virtute,
510 2866 553 2932 ut
583 2858 623 2930 in
650 2859 717 2930 hao
746 2857 805 2931 die
835 2858 882 2930 ad
910 2858 1056 2929 nullum
1122 2857 1123 2868 ’

201 2957 423 3032 declinemus
444 2960 594 3032 mortale
622 2968 820 3055 peecatum,
846 2983 912 3031 neo
936 2959 1055 3030 ullum

201 3060 427 3133 incurramus
465 3061 690 3156 perieulum3
731 3062 793 3132 sed
829 3084 969 3155 semper
1007 3060 1057 3131 ad

200 3167 302 3233 tuam
331 3161 514 3260 justitiam
544 3162 747 3234 faciendam
779 3161 894 3234 omnis
930 3169 1055 3232 nostra

200 3261 293 3334 aetio
333 3270 397 3335 tuo
436 3263 678 3336 moderamine
715 3261 905 3357 dirigatur.
981 3261 1056 3332 Per

201 3361 324 3434 Iesum
344 3361 528 3435 Christum
546 3363 744 3434 Dominum
762 3372 936 3434 nostrum.

257 3478 334 3550 ooo.
387 3485 517 3550 Amen.
