2274 3782
429 352 521 450 ³69
734 363 741 376 “

209 539 214 546 ’
305 560 685 637 ‘orrnonrsras

130 704 185 775 Mi
213 727 312 798 puer,
344 702 434 776 seias
462 704 539 797 hoo,
569 711 606 776 te
633 729 681 777 ex
710 707 823 800 teipso
850 707 919 779 ista

84 809 248 896 praestare
275 827 347 873 non
373 826 487 895 posse,
512 827 629 896 neque
658 805 697 876 in
723 806 793 878 Dei
821 831 918 877 man-

85 900 174 974 datis
208 901 390 973 ambulare
428 907 464 972 et
501 901 571 996 ipsi
604 905 747 998 servire,
785 906 919 1000 absque

84 1000 196 1094 gratia
216 1001 316 1072 illius
339 1000 495 1094 speciali,
516 1025 622 1094 quam
643 1004 919 1099 omnitempore

84 1099 273 1194 diligenter
302 1099 467 1172 invocare
501 1101 615 1172 diseas
643 1109 790 1196 oportet.
842 1104 919 1175 Au·

84 1199 176 1270 diam
206 1197 328 1293 itaque
354 1224 441 1270 num
470 1198 674 1272 Orationem
696 1202 919 1275 Dominieam

82 1297 193 1392 possis
209 1298 369 1370 recitare.

348 1496 661 1558 RESPONSIO.

14 1677 16 1684 ,
131 1627 254 1698 Parra
279 1633 409 1718 noster,
431 1625 553 1720 quies
576 1627 615 1697 in
633 1627 731 1699 caelis
745 1653 762 1699 :-
783 1627 920 1700 Sanati-

35 1804 36 1807 ,
82 1726 208 1797 fioetur
240 1748 370 1797 nomen
402 1731 528 1798 tuum:
563 1725 744 1799 Adveniet
771 1751 922 1821 regnum

82 1832 205 1896 tuum:
234 1824 317 1896 Fiat
326 1825 492 1898 voluntas
508 1831 581 1916 tua,
596 1825 690 1897 sieut
706 1825 745 1896 in
763 1827 860 1917 eaelo,
878 1833 915 1898 et

81 1923 241 1995 interra.
293 1924 429 1995 Panem
445 1931 607 1996 nostrum
618 1924 865 2017 quotidianum
877 1925 922 1996 da

81 2023 184 2094 nobis
200 2023 327 2095 hodie:
357 2022 406 2092 Et
423 2022 565 2094 dimitte
581 2023 684 2094 nobis
701 2023 823 2094 debita
840 2048 920 2096 nos·

81 2128 147 2214 tra,
179 2121 272 2193 siout
300 2127 336 2192 et
362 2144 427 2192 nos
455 2120 672 2193 dimittimus
700 2121 921 2195 debitoribus

81 2221 228 2292 nostris:
249 2220 298 2291 Et
309 2243 356 2291 ne
372 2244 437 2292 nos
454 2219 602 2292 inducas
616 2220 652 2292 in
667 2221 917 2293 tentationem:

81 2320 144 2392 sed
160 2319 273 2392 libera
289 2343 353 2391 nos
370 2343 391 2389 a
408 2319 511 2392 malo.
563 2321 681 2390 Amen.

374 2509 629 2582 QUAESTIO.

132 2639 230 2720 Quid
238 2639 333 2734 petis
350 2663 371 2709 a
387 2639 464 2710 Deo
482 2638 521 2710 in
537 2637 604 2710 baa
621 2637 806 2711 oratione?

347 2915 656 2978 ausrorsro
735 2889 737 2894 ’

129 3044 258 3116 Petoa
282 3038 436 3112 Domino
464 3039 541 3111 Deo
558 3063 647 3131 meo,
666 3039 775 3111 Patre
799 3046 919 3111 nostro

77 3142 226 3234 ooelesti,
247 3139 361 3211 omnis
387 3137 473 3209 boni
501 3137 680 3232 largitore,
699 3145 742 3209 ut
767 3139 919 3232 gratiam

76 3266 181 3314 suam
199 3239 289 3310 mihi
306 3244 342 3310 et
359 3236 523 3308 omnibus
540 3237 723 3331 largiatur,
742 3245 784 3308 ut
801 3237 918 3330 ipsum

75 3341 247 3431 oolamus,
283 3336 354 3431 ipsi
388 3337 583 3407 serviamus
614 3343 650 3408 at
684 3337 919 3429 obsequamur
