2274 3782
543 399 584 463 81

158 587 361 673 Ἀσπασμὸς
377 588 459 676 πρὸς
475 589 536 671 τὴν
550 587 764 673 Ἀηιωτάτην
781 586 964 677 Παρθένον.

182 748 397 811 ΕἸΣΕΛΘΩἬ
414 740 430 809 ὁ
447 743 588 828 ἅιγηελος
603 740 686 829 πρὸς
699 740 803 823 αὐτὴν
819 740 993 826 [Μαριὰμ]

138 847 220 922 εἷπε,
238 851 344 936 Χαῖρε
360 844 622 937 κεχαριτωμένη·
647 843 664 910 ὁ
683 845 805 932 Κύριος
819 846 904 928 μετά
919 872 992 910 σου.

139 947 341 1033 εὐλογημένη
358 947 403 1013 σὺ
419 949 454 1013 ἐν
467 947 629 1031 ογυναιξίν.

370 1167 744 1174 ———-——.-—-—--

199 1344 285 1427 Ὠδὴ
301 1350 360 1427 τῆς
373 1343 583 1428 Ἅγιωτάτης
600 1345 774 1433 Παρθένου
789 1346 935 1433 Μαρίας.

188 1518 435 1581 MEFAAT‘NEI
458 1516 479 1595 ἡ
503 1513 604 1604 ψυχή
626 1541 689 1597 μου
710 1513 768 1581 τὸν
792 1517 924 1604 Κυρίου,
941 1517 997 1583 καὶ

143 1617 334 1703 ἠιγαλλίασε
368 1617 406 1684 τὸ
439 1619 569 1703 πνεῦμά
599 1645 664 1702 μου
698 1619 754 1684 ἐπὶ
784 1623 831 1708 τῷ
852 1622 928 1708 Θεῷ
951 1623 998 1708 τῷ

145 1721 275 1809 σωτηρί
294 1748 373 1805 μου·
411 1721 496 1788 ’Ότι
511 1721 709 1806 ἐπέβλεψεν
725 1722 781 1789 ἐπὶ
803 1721 863 1804 τὴν
885 1723 999 1790 ταπεί-

146 1852 249 1892 νωσιν
270 1831 329 1907 τῆς
352 1824 473 1906 δούλης
496 1826 607 1892 αὐτοῦ.
659 1825 748 1891 Ἰδοὺ
764 1825 839 1910 γὰρ,
858 1825 1001 1892 ἀπὸτοῦ

147 1933 202 1996 νῦν
234 1929 442 2017 μακαριοῦσί
471 1957 512 2010 με
544 1933 656 1994 πᾶσαι
688 1929 725 1994 αἱ
753 1929 878 2013 γενεαί·
917 1928 932 1959 ‘¹
936 1932 1002 1995 Οτι

147 2030 285 2112 ε’ποίησέ
310 2058 368 2115 μοι
393 2036 558 2116 μεγαλεῖα
575 2029 591 2097 ὁ
610 2031 757 2108 δυνατὸς,
775 2032 832 2098 καὶ
847 2031 941 2117 α”νμον
964 2032 1002 2099 τὸ

147 2136 251 2218 ὄνομα
283 2135 395 2211 αὐτοῦ,
421 2137 488 2200 Καὶ
511 2134 549 2200 τὸ
572 2135 664 2206 ἔλεος
698 2136 800 2201 αὐτοῦ
823 2135 869 2206 εἰς
890 2136 1003 2220 γενεὰς

148 2242 268 2323 ’γενεῶν
305 2243 374 2308 τοῖς
412 2237 634 2324 φοβουμένοις
672 2237 781 2304 αὐτόν.
841 2239 1004 2321 Ἐποίησε

149 2342 271 2430 κράτος
288 2343 321 2408 ἐν
336 2343 497 2431 βραχίονι
513 2343 630 2407 αὐτοῦ·
655 2340 891 2428 διεσκόρπισεν
906 2344 1004 2432 ὑπερ-

149 2444 297 2532 ηφάνους
334 2444 463 2534 διανοίη
500 2444 638 2531 καρδίας
676 2446 800 2512 αὐτῶν·
859 2446 1006 2514 Καθεῖλε

152 2548 319 2618 δυνάστας
342 2547 409 2613 ἀπὸ
434 2547 566 2634 θρόνων,
591 2549 648 2614 καὶ
671 2549 794 2636 ὕψωσε
817 2550 1004 2621 ταπεινούς.

154 2655 344 2721 Πειυῶυτας
368 2651 551 2732 ἐνέπλησεν
573 2653 717 2737 ιὐγαθῶυ,
745 2654 801 2720 καὶ
824 2662 1005 2724 πλουτοῦν-

152 2782 211 2825 τας
227 2754 445 2839 ἐξαπέστειλε
460 2755 583 2827 κενούς.
619 2756 847 2838 Ἀντελάβετο
863 2758 1009 2845 Ἰσραὴλ

152 2859 271 2930 παιδὸς
294 2859 405 2938 αὐτοῦ,
426 2860 616 2943 μνησθῆναι
649 2860 760 2931 ἐλέους
784 2862 906 2946 (καθὼς
930 2863 1005 2928 ε’λά-

153 2973 239 3044 λησε
262 2961 345 3047 πρὸς
367 2961 445 3031 τοὺς
467 2961 615 3048 πατέρας
638 2965 740 3047 ἡμῶν,
764 2968 810 3052 τῷ
836 2964 1006 3052 Ἀβραὰμ,

154 3065 211 3132 καὶ
234 3068 280 3152 τῷ
303 3065 474 3152 σπέρματι
497 3066 612 3148 αὐτοῦ)
636 3066 682 3137 εἰς
705 3066 762 3133 τὸν
785 3068 898 3135 αἰῶνα.

335 3505 450 3548 Londini:
464 3508 610 3550 Εασιιάιοαιιι
623 3509 716 3552 Ραιαοα
729 3511 751 3552 ιι
763 3509 830 3551 mii.
