2274 3782
111 887 155 962 si
177 891 307 984 quaudo
330 888 401 977 itur
422 888 560 980 Iatsum,
585 891 637 960 uel
660 889 759 960 citius
782 891 938 962 intermit-

392 991 510 1059 tuntur
528 987 664 1059 Studia.
854 993 856 998 '

448 1211 620 1282 Versieuti.

164 1382 246 1480 Cap.
298 1381 441 1454 Gratias
458 1381 598 1476 agimus
610 1379 764 1452 Domino
780 1388 912 1453 nostro,

164 1481 241 1554 ouo.
297 1480 368 1560 Qui
384 1486 513 1553 nostrae
539 1480 646 1552 saluti
666 1487 740 1551 tam
757 1480 948 1552 clementer

108 1579 272 1652 consulit.

163 1681 245 1775 Cup.
298 1678 369 1770 Qui
391 1679 485 1751 fessa
511 1679 630 1750 labore
658 1702 802 1772 corpora
827 1685 947 1750 nostra

57 1783 58 1786 ’
107 1778 234 1850 reficit.

163 1879 240 1950 Cho.
294 1876 366 1956 Qui
398 1876 501 1949 lassis
535 1875 663 1948 animis
692 1876 822 1949 nostris
852 1875 947 1949 vires

107 1982 258 2070 reparat.

386 2133 467 2244 Cup.
521 2147 681 2221 Oremus.

165 2321 245 2416 Cup.
297 2321 413 2391 Pater*
429 2332 557 2413 noster,
596 2319 659 2413 qui
694 2345 730 2392 es
764 2319 819 2392 in-
837 2320 943 2414 uoelis,

107 2415 350 2491 sanctificetur
398 2442 526 2490 nomen
573 2426 686 2490 tuum.
763 2419 946 2492 Adueniat

106 2541 260 2612 regnum
283 2523 397 2588 tuum.
449 2517 530 2589 Fiat
555 2519 720 2590 voluntas
749 2525 822 2611 tua,
853 2518 946 2590 sicut

105 2617 146 2687 in
182 2616 277 2708 caelo,
312 2622 348 2687 et
374 2615 413 2687 in
447 2623 551 2688 terra.
617 2617 751 2689 Panem
785 2625 946 2689 nost1um

107 2714 358 2808 quotidianum
382 2715 427 2785 da
443 2714 546 2787 nobis
562 2715 679 2787 hodie.
733 2717 781 2787 Et
804 2717 946 2788 dimitte

105 2812 212 2884 nobis
223 2813 343 2884 debita
353 2820 482 2906 nostra,
501 2813 594 2886 sicut
608 2821 644 2886 et
653 2839 717 2886 nos
729 2815 944 2887 dimittimus

107 2911 331 2984 debitoribus
349 2912 488 2984 nostris.
541 2913 589 2984 Et
599 2938 644 2984 ne
661 2937 725 2985 nos
741 2913 890 2986 inducas
906 2915 942 2986 in

106 3011 351 3082 tentationem.
384 3011 454 3083 Sed
470 3011 582 3083 libera
598 3036 662 3083 nos
678 3037 699 3084 a
716 3014 819 3084 malo.
853 3013 945 3093 Quia

107 3118 213 3179 tuum
241 3119 295 3180 est
323 3134 484 3203 regnum,
516 3109 675 3205 potentia
696 3116 733 3182 et
755 3111 879 3206 gloria,
906 3112 942 3182 iu

107 3207 239 3278 saeoula
256 3209 474 3280 saeculorum.

165 3306 241 3378 0120.
293 3306 420 3380 Amen.
