2274 3782
515 391 560 470 57

410 593 658 668 cumerio.

168 698 264 778 Quid
299 699 526 791 Susceptcres
558 698 615 768 tui
649 703 685 769 et
719 695 959 790 susceptrices

1 881 2 884 Ἴ
119 804 195 870 tum
208 804 271 868 tuo
288 796 431 867 ncmine
447 795 719 890 praestiterunt?

384 967 691 1027 RESPONSIQ

169 1095 251 1166 Tria
280 1119 358 1166 meo
387 1094 530 1166 nomine
559 1095 799 1190 promiserunt
828 1118 869 1166 ac
899 1117 960 1166 vc·

120 1201 268 1266 venmt:
314 1195 483 1285 Primam,
524 1217 580 1265 me
622 1192 961 1266 abrenunciatmum

120 1294 259 1364 Satanae
290 1299 326 1363 ct
356 1292 520 1364 omnibus
551 1291 630 1389 ejus
655 1292 833 1386 operibus,
862 1315 961 1385 pom·

120 1392 175 1485 pis
201 1398 237 1464 et
261 1390 482 1463 vanitatibus
507 1391 619 1487 hujus
644 1390 770 1463 mundi
794 1414 958 1484 nequam,

120 1497 157 1563 et
182 1488 346 1561 omnibus
368 1487 488 1582 pravis
513 1489 809 1583 concupiscentiis
835 1489 961 1561 carnis.

121 1589 319 1679 Secundum,
339 1612 396 1658 me
422 1611 543 1659 omnes
568 1587 654 1660 fidei
678 1587 891 1660 Christianae
908 1612 962 1658 ar·
994 1663 1000 1674 .

122 1687 249 1759 ticulos
267 1685 498 1760 crediturum.
555 1688 715 1780 Tertium,
731 1710 788 1758 me
805 1692 964 1758 sanctam

48 1812 49 1815 ¹
122 1785 191 1856 Dei
215 1786 438 1858 voluntatem
464 1792 501 1858 et
525 1784 624 1857 illius
651 1787 819 1861 mandata
846 1806 963 1858 serva.-

121 1893 252 1976 tmum
283 1891 320 1957 et
349 1883 388 1954 in
417 1883 463 1955 iis
486 1884 774 1957 ambulaturum
798 1884 964 1956 omnibus

123 1981 347 2055 diebusvitae
364 2006 463 2054 meac.

281 2201 282 2204 γ
422 2134 670 2227 ansr'ro.
728 2107 731 2113 ¹

171 2275 232 2346 An
256 2299 328 2346 ncn
353 2282 459 2368 putas
484 2280 521 2346 te
546 2273 663 2346 teneri
689 2298 730 2346 ea
756 2275 909 2367 credere,
930 2279 967 2348 ct

122 2375 238 2445 facere
257 2398 337 2466 quae
355 2382 418 2445 tuc
435 2372 578 2445 nomine
595 2372 862 2468 promiserunt?

389 2635 697 2695 RESPONSIQ

174 2766 252 2836 Iino
270 2787 365 2855 sanc,
384 2765 533 2856 Decque
558 2763 710 2861 juvante
727 2763 867 2836 faciam.
920 2765 969 2836 Et

123 2888 172 2935 ex
190 2864 308 2935 animo
326 2863 428 2936 Patri
444 2869 565 2935 nostro
584 2863 719 2934 caelesti
736 2863 871 2956 gratias
888 2887 965 2959 ago,

44 2974 47 2978 ’
124 2964 220 3056 quod
244 2987 302 3034 me
328 2962 373 3033 ad
397 2963 489 3033 hanc
516 2961 643 3033 salutis
659 2961 756 3033 viam
773 2962 966 3047 vocaverit,

123 3085 188 3155 per
205 3061 228 3132 J
230 3085 330 3132 esum
348 3060 532 3132 Christum
559 3059 778 3132 Salvatcrem
795 3069 967 3134 nostrum.

122 3161 243 3233 Deum
267 3159 376 3231 etiam
400 3183 487 3254 rogo
521 3165 564 3230 ut
589 3183 646 3230 me
671 3158 724 3232 ita
758 3185 823 3232 sua
853 3160 970 3254 gratia

123 3259 320 3348 confirmet,
344 3265 387 3331 ut
411 3258 450 3329 in
475 3282 517 3329 ca
541 3281 767 3350 permaneam
784 3283 899 3353 usque
924 3260 969 3332 ad

123 3360 232 3429 finem
248 3357 335 3428 vitae
352 3380 451 3428 meae.
