2274 3782
581 359 638 431 581

454 557 756 634 KATux12Tff2.

228 659 311 744 Λέγε
332 660 375 724 τὰ
397 659 565 746 κεφάλαια
586 665 644 740 τῆς
664 658 806 728 πίστεώς
829 686 900 724 σου.

471 843 739 898 ’ΛΠο’ΚΡΙΣΙΣ.

230 969 385 1030 ΠΙΣΓΕΥὨ
413 963 458 1033 εἰς
488 961 572 1028 Θεὸν
607 960 745 1048 Πατέρα
773 963 1022 1046 παντοκράτορο

184 1065 320 1146 ποιητὴν
343 1066 478 1150 ούρανοῦ
500 1065 557 1129 καὶ
578 1070 646 1148 ηῆς·

187 1229 194 1243 ,
228 1163 293 1227 Καὶ
324 1163 370 1231 εἰς
399 1162 530 1242 Ἰησοῦν
560 1160 705 1246 Χριστόν
730 1160 788 1227 τόν
818 1161 896 1226 Τὶὸν
926 1162 1025 1226 αῦτοῦ

183 1263 241 1329 τὸν
263 1268 429 1347 μονογενῆ,
453 1261 576 1348 Κύριον
600 1265 698 1345 ἡμῶν,
725 1263 964 1348 συλληφθέντα
990 1263 1024 1327 ἐκ

186 1360 376 1443 Πνεύματος
394 1359 518 1444 Ἅιγιόυ,
537 1359 731 1443 γεννηθέντα
753 1361 789 1425 ἐκ
813 1361 946 1444 Μαρίας
970 1367 1026 1442 τῆς

183 1461 357 1548 παρθένου·
401 1459 552 1526 παθόντα
588 1461 642 1526 ε’πὶ
681 1461 824 1527 Ποντίου
862 1462 1025 1539 Πιλάτου,

184 1559 425 1644 σταυρωθέντα,
454 1557 603 1634 θανόντα,
635 1561 691 1625 καὶ
720 1559 875 1647 ταφέντα·
906 1571 1023 1626 κατελ-

185 1659 285 1726 θόντα
304 1661 349 1730 εἰς
369 1661 459 1750 ᾅδου·
479 1667 518 1745 τῇ
535 1662 629 1746 τρίτη
652 1660 756 1750 ἡμέρα
778 1662 972 1728 ἀναστάντα
992 1664 1025 1726 ἐκ

185 1762 313 1844 νεκρῶν·
339 1758 521 1824 ἀνελθόντα
546 1759 592 1829 εἰς
622 1757 785 1845 οὐρανούς,
812 1758 1026 1842 καθεζόμενον

184 1859 221 1925 έκ
245 1859 359 1941 δεξιῶν
382 1863 468 1924 Θεοῦ
493 1855 625 1947 Πατρός
650 1860 922 1947 παντοκράτορος·
953 1862 1026 1926 ὅθεν

184 1956 300 2040 μέλλει
316 1957 475 2046 ἔρχεσθαι
490 1962 598 2043 κρῖναι
615 1960 734 2038 ζῶντας
750 1957 805 2023 καὶ
820 1956 960 2044 νεκρούς.

229 2059 384 2125 Πιστεύω
406 2059 452 2130 εἰς
476 2061 610 2142 Πνεῦμα
631 2059 811 2142 τὸ“Αιγιον.
868 2060 1025 2125 Πιστεύω

185 2162 245 2244 τὴν
280 2160 398 2245 Ἀιγόαν
431 2157 635 2240 Ἐκκλησίαν
673 2161 872 2241 Καθολικὺν,
902 2160 1026 2245 Ἀιγίων

187 2263 375 2336 Κοινωνίαν,
393 2263 539 2347 ’Ἅφεσιν
557 2261 754 2350 Ἅμαρτιῶν,
777 2262 901 2349 Σαρκὸε
925 2263 1023 2327 Ἀνά-

185 2392 316 2439 στασιν,
334 2363 429 2444 Ζωὴν
444 2363 583 2429 αἰώνιον.
629 2363 744 2446 Ἀμήν.

485 2597 515 2650 Ἐ
524 2606 541 2649 Ρ
550 2595 579 2650 θ’
587 2605 608 2650 Τ
617 2604 641 2650 Η
650 2605 669 2650 Σ
678 2606 689 2649 Ι
698 2603 727 2650 Σ.

229 2717 271 2782 Τό
290 2715 442 2800 μάλιστα
471 2715 506 2781 έν
533 2713 660 2784 τούτοις
687 2713 862 2796 μανθάνεις
887 2717 946 2794 τῆς
969 2715 1025 2780 πί-

186 2843 289 2887 στεως
304 2817 516 2905 κεφαλαίοιςε

474 3003 740 3058 ἊΠυΚΗΣη.

233 3135 369 3219 Πρῶτον
397 3129 456 3212 μὲν
480 3128 635 3211 μανθάνω
665 3127 835 3193 πιστεύειν
864 3127 909 3196 εἰς
939 3128 1025 3191 Θεὸυ

189 3233 333 3318 Πατέρα,
349 3231 407 3297 τὸν
422 3232 477 3312 ἐμὲ
492 3231 548 3296 καὶ
563 3230 642 3296 ὅλον
655 3229 711 3296 τὸν
726 3227 852 3308 κόσμου
874 3228 1022 3314 δημιουρ-

186 3329 347 3410 ηήσαντα.
