2274 3782
582 343 627 412 64

231 535 264 600 ι’.
288 535 361 601 Ούιι
377 533 589 616 ἐπιθυμήσεις
609 533 669 614 τὴν
689 535 796 600 οἰκίαν
810 541 870 600 τοῦ
886 537 1032 615 πλησίον

187 660 259 707 σου,
282 631 354 699 οὐδὲ
376 631 437 714 την
457 635 599 714 γυναῖκα
622 632 729 705 αὐτοῦ,
753 633 826 698 οὐδὲ
847 632 906 698 τὸν
927 632 1032 698 παῖδα

187 735 297 809 αὐτοῦ,
309 733 384 800 ούδὲ
398 732 459 815 τὴν
473 733 656 812 παιδίσκην
671 735 778 808 αὐτοῦ,
792 735 864 800 οὐδὲ
879 733 938 799 τδν
952 736 1034 813 βοῦν

188 833 295 906 αὐτοῦ,
319 829 452 897 οὐδὲτὸ
474 829 649 914 ὑποζύγιον
674 832 781 905 αὐτοῦ,
805 831 879 898 οὐδὲ
904 837 973 897 πᾶν
997 833 1035 897 τὸ

188 940 303 1015 ’κτῆνος
323 933 430 1007 αὐτοῦ,
450 932 523 998 ον’δὲ
542 932 608 996 ὅσα
627 937 685 998 τοῦ
702 937 847 1013 πλησίον
867 961 931 998 σου
950 933 1035 998 ἐστί.

490 1166 733 1222 'mmm

232 1286 275 1352 Τί
296 1285 448 1369 μάλιστα
473 1287 510 1352 ἐκ
539 1283 664 1352 τούτων
689 1291 755 1351 τῶν
784 1287 927 1352 ἐντολῶν
953 1314 1034 1368 μαν-

191 1383 300 1453 θάνεις
310 1414 320 1460 ,·

481 1615 747 1671 ἈΠΟ’ΚΡ1ΣΙΣ.

236 1734 314 1799 Δύω
342 1735 508 1817 μανθάνω·
535 1735 572 1802 τὸ
597 1737 656 1818 μὲν
685 1742 731 1824 τῷ
759 1739 841 1822 Θεῷ,
868 1743 905 1801 τὸ
933 1737 967 1802 δὲ
993 1742 1038 1820 τῷ

193 1836 339 1916 πλησίον
361 1837 440 1925 παρ’
463 1838 540 1920 ἐμοῦ
561 1838 778 1925 ὀφειλόμενον.

494 2086 738 2144 ἘναΤΗΣιΣ.

238 2214 282 2280 Τί
300 2240 356 2280 σοι
378 2213 450 2281 δέον
470 2215 544 2282 ἐστὶ
565 2215 647 2302 πρὸς
669 2217 726 2282 τὸν
748 2216 855 2293 esav,-

492 2472 750 2527 AHO'KPIZIE.

240 2615 329 2699 Εμδν
357 2617 452 2703 ἔργον
477 2616 550 2681 ἐστὶ
576 2616 658 2702 πρὸς
684 2617 778 2690 Θεὸν,
801 2618 972 2682 πιστεύειν
995 2617 1040 2686 είς

197 2719 305 2793 αὐτὸν,
323 2717 506 2804 φοβεῖσθαι
521 2717 630 2792 αὐτὸν,
648 2719 782 2800 ἀγαπᾶν
797 2717 895 2783 αύτδν
910 2717 948 2800 ἐξ
962 2719 1040 2797 ὅλης

196 2823 254 2898 τῆς
275 2815 418 2902 καρδίας,
434 2814 472 2896 ἐξ
490 2814 569 2895 ὅλης
589 2815 743 2889 διανοίας,
760 2815 797 2897 ἐξ
815 2815 893 2893 ὅλης
912 2821 1040 2904 ψυχῆς.

197 2919 253 2985 καὶ
265 2918 302 3001 ἐξ
312 2918 390 2996 ὅλης
402 2915 527 3006 ἰσχύος,
540 2916 712 3004 λατρεύειν
723 2919 818 3004 αὐτῷ,
832 2919 1041 3008 εὐχαριστεῖν

197 3019 293 3102 αὐτῷ,
314 3016 366 3080 ἐπ’
393 3017 481 3102 αὐτῷ
504 3015 593 3100 μόνῳ
618 3014 820 3090 πεποιθέναι,
847 3015 946 3081 αὐτὸν
972 3016 1040 3080 ἐπι-

198 3118 385 3191 καλεῖσθαι,
408 3117 446 3183 τδ
469 3118 563 3201 ἅγιον
585 3120 686 3183 αὐτοῦ
704 3119 834 3199 Ὄνομα
855 3118 911 3182 καὶ
933 3118 1041 3200 Λόγον

197 3219 304 3298 τιμᾶν,
321 3215 378 3280 καὶ
399 3214 530 3295 ἀληθῶς
553 3217 640 3301 αὐτῷ
662 3214 826 3280 δουλεύειν
847 3215 963 3285 πάσας
984 3216 1041 3283 τὰς

200 3315 320 3398 ἡμέρας
342 3323 400 3396 τῆς
424 3320 504 3395 ζωῆς
524 3343 597 3398 μου.
