2274 3782
585 288 632 360 36

428 416 591 512 Tempore
616 415 796 486 Pocclaole‘.

239 516 321 613 Oop.
374 515 487 607 Deus,
508 513 573 610 qui
597 539 663 608 per
679 513 912 609 unigenitum
930 519 1043 587 tuum

182 615 400 690 aeternitatis
424 614 530 689 nobis
556 614 708 707 aditum,
738 613 882 688 devicta
908 621 1039 709 morte,

180 716 374 811 reserasti;
401 722 487 790 vcta
512 722 645 807 nostra,
675 741 757 811 quae
782 714 1041 810 praeveniendo

181 817 331 913 aspiras,
386 816 496 890 etiam
547 816 756 915 adjuvando
805 840 1039 911 prosequare.

182 921 255 991 Per
281 918 438 990 eundem
465 918 589 990 Iesum
617 916 801 990 Christum
837 916 1041 990 Dominum

181 1023 358 1113 nostrum,
387 1017 451 1113 qui
477 1017 572 1091 vivit
598 1023 635 1090 et
662 1025 793 1113 regnat
818 1017 859 1089 in
883 1017 1040 1090 Unitate

183 1119 341 1214 Spiritus
367 1117 491 1190 Sancti
516 1119 628 1211 Deus,
656 1143 722 1212 per
756 1117 876 1191 omnia
906 1117 1043 1190 saecula

183 1220 407 1293 saeculorum.

240 1321 317 1393 Oto,
370 1322 502 1391 Amen.

290 1435 338 1506 Ia
356 1437 450 1528 fecto
478 1433 707 1524 Aaoeosa'oao'c,
736 1440 771 1505 et
794 1433 924 1529 oo'pe'la'o.

240 1536 322 1633 Cap.
377 1532 551 1625 Concede,
572 1558 791 1627 quaesumus,
812 1533 1043 1628 omnipotens

184 1637 297 1729 Daue,
317 1643 360 1708 ut
386 1633 450 1730 qui
476 1632 717 1729 Unigenitum
737 1639 855 1727 tuum,
874 1634 1044 1728 redemp-

185 1746 300 1809 torem
350 1731 527 1827 nostrum,
581 1734 627 1807 ad
679 1735 785 1807 caelos
835 1734 1045 1808 ascendisse

186 1836 377 1929 oredimus,
390 1832 461 1930 ipsi
479 1859 625 1931 quoque
643 1842 764 1908 mente
781 1834 821 1906 in
834 1834 1044 1908 caelestibus

185 1936 412 2010 habitemus:
440 1960 506 2030 per
531 1936 687 2009 eundem
722 1935 921 2008 Dominum
955 1959 1044 2008 nos-

186 2041 293 2130 trum,
340 2039 404 2133 qui
445 2042 567 2108 tecum
610 2035 705 2109 vivit
748 2043 785 2109 ot
827 2043 956 2132 regnat
998 2035 1043 2108 in

187 2138 336 2211 Unitate
363 2135 520 2232 Spiritus
546 2136 669 2210 Sancti
695 2138 808 2232 Deus,
828 2161 893 2232 per
919 2136 1045 2209 omnia

187 2239 319 2312 saecula
345 2237 569 2311 saeculorum.

244 2340 322 2412 Oro.
374 2339 505 2411 Amen.

408 2452 568 2547 Tempore
593 2453 821 2525 Pentecosten.
862 2465 867 2480 '

244 2554 327 2650 Oop.
379 2552 490 2643 Deus,
512 2551 577 2645 qni
603 2552 710 2625 corda
735 2550 899 2624 fidelium
918 2553 1046 2625 Sancti

190 2652 346 2748 Spiritus
381 2651 624 2725 illustratione
659 2652 826 2747 docuisti,
855 2653 901 2726 da
935 2652 1045 2726 nobis

189 2754 313 2827 eodem
348 2752 489 2848 Spiritu
523 2761 623 2826 recta
658 2778 793 2848 sapere,
823 2760 860 2826 et
886 2754 930 2825 de
957 2753 1043 2852 ejus

190 2879 329 2949 semper
354 2860 477 2926 sancta
495 2853 737 2927 consolatione
763 2855 944 2951 gaudere:
976 2878 1046 2948 per

189 2957 318 3028 merita
336 2954 536 3027 Servatoris
554 2954 670 3027 nostri
696 2956 783 3027 Iesu
810 2953 957 3048 Christi,
978 2954 1045 3048 qui

189 3065 309 3128 tecum
327 3054 424 3128 vivit
441 3062 478 3127 et
495 3063 625 3151 regnat
650 3055 691 3128 in
708 3057 859 3128 Unitats
877 3054 1041 3153 ejusdem

190 3154 346 3250 Spiritus
378 3155 499 3228 Sancti
533 3156 645 3250 Deua,
674 3181 738 3251 per
765 3155 884 3230 omnia
910 3156 1044 3228 saecula

189 3257 413 3330 saeculorum.

247 3358 326 3431 Olzo.
382 3357 510 3430 Amen.
