2274 3782
496 740 571 813 Dm
596 740 711 817 Jovm.
762 792 764 796 .
888 765 892 774 ’

513 915 712 988 Voroiooluo

240 1041 320 1137 Cap.
372 1039 537 1132 Domine,
564 1037 697 1112 exaudi
723 1038 918 1170 orationem
944 1060 1025 1110 nos

182 1143 315 1310 traldiluo.
366 1212 417 1309 Et
435 1239 699 1310 olumornostor
715 1237 761 1309 ad
776 1241 815 1309 to
831 1217 963 1308 veniat.

463 1411 544 1506 Cup.
598 1409 759 1482 Oremus.

239 1535 320 1629 Cap.
374 1534 482 1604 Pater
511 1538 642 1625 noster,
673 1532 736 1628 qui
771 1555 808 1604 es
841 1532 881 1604 in
915 1531 1025 1625 oaefis,

182 1633 424 1706 sanotifioetur
439 1656 569 1704 nomen
593 1637 709 1704 tuum.
745 1629 928 1704 Adueniat
944 1655 1027 1724 reg·

182 1756 271 1804 num
297 1741 413 1803 tuum.
466 1730 548 1802 Fiat
575 1731 742 1804 voluntas
771 1736 845 1823 tua,
876 1730 968 1802 siout
984 1729 1027 1801 in

186 1831 283 1923 omlo,
304 1840 341 1902 ot
357 1829 397 1902 in
413 1836 519 1902 torm.
566 1831 702 1903 Panem
725 1835 889 1902 nostrum
906 1828 1026 1923 quoti·

182 1930 329 2002 dianum
346 1930 392 2002 da
407 1928 512 2002 nobis
522 1928 640 2001 hodie.
691 1929 741 2001 Et
763 1927 905 2001 dimitto
920 1928 1028 2001 nobis

182 2029 304 2112 debito
334 2035 467 2121 nostru,
500 2028 598 2102 siout
631 2035 669 2100 ot
700 2052 766 2101 nos
808 2026 1028 2100 dimittimus

183 2126 404 2200 debitoribus
421 2127 564 2201 nostris.
604 2127 653 2199 Et
668 2150 715 2199 ns
737 2150 804 2200 nos
819 2126 968 2200 induous
984 2127 1028 2198 in

183 2227 427 2299 tentationem.
469 2227 539 2298 Sed
550 2226 664 2299 libera
679 2225 891 2299 nosamalo.
929 2224 1028 2304 Quia

182 2333 286 2398 tuum
307 2331 362 2398 est
388 2350 551 2420 regnum,
580 2323 741 2419 potentia
769 2330 806 2397 et
832 2324 956 2420 gloria,
984 2324 1027 2397 in

182 2426 311 2497 saeoula
329 2425 551 2497 saeoulorum.

237 2524 313 2595 Cdo.
365 2523 494 2595 Amen.

305 2698 445 2768 Prol
389 2698 459 2789 fel
444 2699 491 2768 zoi
505 2699 541 2768 io
557 2698 621 2770 Mt
606 2699 687 2770 tertio
703 2698 906 2792 Proqreoou

239 2822 320 2916 Cup.
373 2818 609 2914 Omnipotens
626 2828 663 2892 ot
680 2825 812 2893 aetsmo
828 2819 939 2914 Deus,
959 2819 1026 2915 qui

180 2925 217 2992 te
243 2927 319 2990 toto
349 2917 475 3012 imples
502 2919 631 3012 omnia,
650 2943 757 3013 quem
781 2943 848 2992 neo
877 2917 1027 3014 oapiunt

181 3019 365 3109 universa3
383 3041 405 3088 a
421 3023 459 3090 te
472 3042 605 3111 sumus,
619 3017 683 3112 qui
696 3042 733 3090 os
749 3017 831 3090 fons
844 3018 1024 3110 omnium;
1130 3033 1131 3038 ’

181 3119 259 3189 adt
243 3116 472 3210 tevenimus,
493 3117 612 3212 quies
630 3117 713 3189 finis
731 3117 901 3189 omnium.
944 3117 1024 3211 Ag·

181 3216 359 3288 noscimus
377 3241 480 3289 omne
498 3217 622 3288 datum
650 3216 825 3310 optimum
855 3222 892 3288 ot
919 3240 1024 3289 omno

183 3317 313 3386 donum
329 3315 529 3408 perfeetum
547 3315 733 3387 desursum
746 3338 834 3387 osse.
866 3315 1023 3389 Dosoen-
