2274 3782
550 367 596 438 80

263 545 442 631 Σύμβολον
457 556 515 633 τῆς
531 553 565 618 ἐν
581 552 710 643 Νικαίιρ
726 551 880 624 Συνόδου.

152 651 394 753 ΠΙΣΤΕΤὨ
410 685 457 756 εἰς
474 686 531 751 ἕνα
555 685 641 753 Θεὸν
657 686 790 776 πατέρα
810 691 1000 777 παντοκρά-

144 808 239 868 τορα,
266 782 409 865 ποιητὴν
444 786 585 871 οῦρανοῦ
612 787 670 852 καὶ
700 793 771 871 γῆς,
804 786 934 876 ὁρατῶν
962 818 1000 857 τε

144 881 280 948 πάντων
311 883 369 948 καὶ
401 883 562 970 ἀοράτων·
611 885 678 950 Καὶ
708 886 755 956 εἰς
786 887 843 953 ἕνα
875 887 1002 975 Κύριον

147 979 282 1061 Ἰησοῦν
300 981 451 1070 Χριστὸν
466 982 523 1050 τὸν
538 983 608 1050 υἱὸν
630 990 690 1051 τοῦ
713 988 801 1053 Θεοῦ
823 987 881 1055 τὸν
902 1017 1000 1072 μονο-

146 1088 234 1167 γενῆ,
250 1081 308 1150 τὸν
323 1085 361 1149 ἐκ
383 1088 443 1150 τοῦ
465 1082 592 1170 πατρὸς
606 1085 806 1167 (γεννηθέντα
823 1087 889 1174 πρὸ
912 1089 999 1154 πάν-

145 1208 214 1247 των
228 1187 293 1249 τῶν
309 1182 445 1260 αἰώνων,
461 1181 548 1250 Θεὸν
563 1184 600 1248 ἐκ
624 1185 722 1259 Θεοῦ,
739 1189 808 1271 φῶς
824 1187 861 1252 ἐκ
882 1186 1001 1274 φωτὸς,

148 1278 234 1346 Θεὸν
256 1281 415 1363 ἀληθινὸν
438 1283 475 1348 ἐκ
499 1284 587 1348 Θεοῦ
602 1283 772 1363 ἀληθινοῦ,
788 1286 1002 1368 γεννηθέντα,

146 1380 185 1446 οῦ
212 1381 403 1462 ποιηθέντα,
428 1377 605 1464 όμοοόσιου
627 1388 674 1470 τῶ
696 1383 809 1470 πατρὶ,
834 1383 875 1450 δι’
899 1384 936 1450 οῦ
959 1385 1003 1450 τὰ

146 1479 260 1547 πάντα
284 1480 424 1565 ἐγένετο·
448 1480 507 1548 τὸν
529 1481 569 1547 δι’
593 1484 678 1564 ἡμᾶς
697 1481 774 1555 τοῦς
797 1485 1002 1572 ἀνθρώπους,

147 1579 205 1646 καὶ
229 1579 282 1648 διὸ
305 1580 367 1662 τὴν
382 1581 542 1670 ἡμετέραν
558 1582 726 1670 σωτηρίαν
742 1582 949 1652 κατελθόντα
964 1587 1004 1651 ἐκ

145 1685 213 1748 τῶν
235 1682 392 1769 οὐρανῶν,
415 1682 471 1748 καὶ
494 1681 710 1769 σαρκωθὲυτα
737 1683 792 1748 διὸ
815 1683 1004 1768 πνεύματος

148 1781 245 1866 ἀηίου
268 1784 304 1848 ἐκ
327 1782 466 1870 Μαρίας
488 1788 547 1865 τῆς
567 1782 743 1871 παρθένου,
760 1785 817 1850 καὶ
840 1785 1002 1871 ε’νονθρω-

145 1884 315 1967 πήοαντα,
348 1882 585 1969 σταυρωθέντα
622 1911 658 1948 τε
697 1883 779 1971 ὑπὲρ
818 1886 909 1966 ἡμῶν
946 1884 1005 1950 ἐπὶ

150 1984 296 2051 Ποντίου
322 1984 485 2057 Πιλάτου,
503 1982 559 2048 καὶ
580 1981 742 2058 παθόντα,
759 1984 818 2050 καὶ
840 1982 1003 2070 ταφέντα·

148 2084 206 2150 καὶ
216 2083 413 2151 ἀναστάντα
422 2087 462 2168 τῇ
471 2081 566 2168 τρίτη
577 2083 682 2172 ἡμέρα
691 2084 778 2149 κατὰ
787 2084 848 2154 τὸς
857 2083 1001 2171 ηραφὸς,

146 2184 206 2248 καὶ
222 2181 406 2250 ἀνελθόντα
428 2183 475 2254 εἰς
497 2182 575 2252 τοὺς
598 2182 766 2269 οῦρανοῦς,
784 2184 841 2250 καὶ
863 2183 1001 2265 καθεζό-

145 2310 246 2366 μενον
262 2285 299 2349 ἐκ
323 2282 439 2367 δεξιῶν
459 2288 518 2350 τοῦ
542 2281 688 2370 Πατρὸς,
705 2284 762 2349 καὶ
784 2283 891 2350 πάλιν
907 2281 1003 2375 ἐρχό-

149 2411 247 2467 μενον
269 2382 354 2466 μετὸ
377 2381 473 2467 δόξης
501 2387 610 2471 κρῖναι
634 2384 756 2464 ζῶντος
778 2383 837 2449 καὶ
859 2385 1003 2472 νεκροὺς,

148 2482 188 2548 οῦ
204 2490 263 2566 τῆς
277 2484 459 2562 βασιλείας
475 2485 535 2549 οῦκ
552 2483 651 2549 ἔσται
667 2481 769 2553 τέλος.
818 2483 887 2548 Καὶ
902 2483 949 2553 εἰς
963 2481 1003 2548 τὸ

152 2587 291 2667 Πνεῦμα
305 2582 342 2648 τὸ
350 2582 365 2613 ‘¹
369 2586 484 2667 Α’γιον,
500 2582 538 2649 τὸ
556 2582 681 2671 Κύριον
704 2581 761 2647 καί
778 2581 946 2664 ζωοποιὸν,
963 2581 1003 2648 τὸ

148 2686 188 2750 ἐκ
205 2687 266 2749 τοῦ
282 2683 418 2772 Πατρὸς
433 2684 490 2750 καὶ
505 2688 564 2749 τοῦ
580 2682 664 2748 Τὶοῦ
680 2681 946 2770 ἐκπορευόμενον,
963 2681 1002 2748 τὸ

147 2782 215 2850 σῦν
239 2783 352 2871 Πατρὶ
378 2783 436 2849 καὶ
459 2783 528 2870 Τίῲ
554 2782 921 2870 συμπροσκυνοόμενον,
945 2781 1003 2848 καὶ

147 2881 438 2968 συνδοξαζόμενον,
450 2882 488 2948 τὸ
499 2889 658 2965 λαλῆσαν
668 2880 723 2947 διὸ
737 2886 803 2948 τῶν
811 2883 1000 2969 προφητῶν·

152 2987 223 3052 Καὶ
238 2984 389 3051 πιοτεόω
411 2983 457 3054 εἰς
473 2982 658 3062 ἐκκλησίαν
672 2981 762 3064 μίαν,
776 2980 885 3065 άηίον,
902 2981 1000 3046 καθο-

149 3088 259 3167 λικὴν,
276 3085 333 3151 καὶ
355 3082 597 3164 ἀποστολικήν.
652 3080 831 3165 Ὁμολοηῶ
855 3079 889 3146 ἓν
909 3080 1001 3160 βάπ-

148 3213 256 3269 τισμα
272 3186 318 3256 εἰς
333 3183 455 3264 ἄφεσιν
471 3185 649 3268 ἁμαρτιῶν.
696 3181 882 3268 Προσδοκῶ
898 3180 1000 3246 ἀνάσ-

151 3313 250 3352 τασιν
266 3288 398 3372 νεκρῶν,
414 3282 469 3348 καὶ
493 3281 577 3364 ζωὴν
592 3286 651 3348 τοῦ
669 3281 852 3364 μέλλοντος
873 3279 1000 3352 αἰῶνος.

148 3385 268 3469 Ἀμήν.
