2274 3782
520 297 566 371 37

117 551 164 623 Io
183 549 385 648 Septimum
395 555 482 646 post
497 551 716 622 Domim'oom
734 549 970 622 sanctitatae

448 664 643 736 Trinitatis.
930 679 933 686 '

174 809 257 904 Cap.
311 805 550 902 Omnipotens
594 807 813 902 sempiterne
856 808 968 893 Deus,

117 907 182 1003 qui
193 907 326 980 dedisti
336 907 442 981 nobis
452 907 601 980 famulis
612 908 686 981 tuis
696 908 736 980 in
747 906 971 980 confessione

116 1033 213 1082 uerae
256 1008 343 1081 fidei
386 1016 531 1081 aeternae
582 1008 772 1082 Trinitatis
820 1008 972 1104 gloriam

117 1112 324 1203 agnoscere,
371 1117 407 1181 et
458 1108 499 1181 in
549 1109 713 1203 potentia
764 1108 972 1207 Majestatis

117 1210 267 1282 adorare
284 1209 483 1303 Unitatem‚
504 1235 713 1305 quaesumus
738 1216 781 1283 ut
807 1210 971 1308 ejusdem

116 1309 205 1382 fidei
229 1310 402 1383 firmitate
420 1311 466 1382 ab
485 1311 653 1384 omnibus
671 1335 813 1406 semper
830 1310 971 1382 munia-

117 1435 200 1483 mur
225 1410 405 1483 adversis:
436 1411 499 1504 qui
518 1411 613 1483 vivis
640 1418 676 1483 et
701 1436 832 1506 regnas
857 1411 970 1501 Deus,

116 1536 182 1606 per
208 1510 328 1584 omnia
354 1511 487 1584 soeoula
514 1513 738 1585 saeculorum.

176 1655 253 1727 0110.
307 1657 437 1728 Amen.

424 1895 472 1966 Io
498 1895 668 1968 Adventu.

175 2007 258 2104 Oop.
310 2008 368 2078 Da
383 2007 498 2101 nobis,
513 2033 732 2101 quaesumus,
747 2005 972 2102 omnipotens

117 2108 231 2200 Deus,
260 2114 301 2180 ut
336 2107 490 2206 abjectis
525 2108 693 2203 operibus
727 2107 969 2198 tenebrarum,

117 2207 313 2281 induamur
355 2232 455 2280 arma
497 2208 600 2302 lueis,
642 2208 682 2280 in
724 2209 792 2280 hao
829 2207 972 2280 mortali

117 2307 207 2402 vita,
235 2307 275 2380 in
301 2333 373 2404 qua
399 2309 504 2382 Iesus
531 2308 708 2403 Christus,
730 2307 847 2382 Filius
872 2314 968 2400 tuus,

118 2433 201 2481 oum
227 2433 359 2504 magna
383 2407 592 2482 humilitate
618 2412 665 2483 ad
688 2434 753 2482 nos
770 2409 972 2482 visitandos

117 2509 288 2602 advenit;
314 2510 415 2582 utin
433 2517 596 2585 extremo
615 2510 684 2604 die,
698 2535 770 2606 quo
788 2510 972 2582 rediturus

118 2616 174 2682 est
201 2635 285 2683 eum
310 2611 426 2705 gloria
452 2610 660 2710 Majestatis
696 2636 771 2684 suae
802 2612 849 2683 ad
873 2609 971 2708 judi·

117 2712 252 2783 oandos
293 2711 397 2784 vivos
440 2718 477 2784 et
524 2718 695 2804 mortuos,
740 2735 971 2808 resurgamus

117 2811 166 2884 ad
207 2810 323 2884 vitam
365 2810 614 2886 immortalem.
669 2813 741 2884 Per
785 2811 972 2885 Christum

116 2910 317 2984 Dominum
351 2919 526 3006 nostrum,
556 2912 620 3007 qui
654 2919 775 2985 teoum
804 2911 900 2984 vivit
935 2919 971 2983 et

116 3017 258 3108 regnat,
286 3011 326 3084 in
359 3012 509 3086 Unitate
545 3012 702 3109 Spiritus
738 3012 871 3106 Sancti,
907 3037 972 3107 per

117 3112 240 3186 omnia
266 3112 397 3186 saeeula
424 3114 650 3187 saeculorum.

174 3252 252 3328 Cho.
305 3254 435 3328 Amen.
