2274 3782
459 417 533 488 Dm
558 317 759 488 Mdaouma

511 526 712 598 Versiculos.

242 634 323 731 Cap.
375 639 508 710 Notum
537 637 594 710 iao
635 637 739 711 nobis
772 637 885 710 vitam
918 645 1026 730 tuam,
1132 711 1133 724 ,

188 739 351 811 Domine.

243 839 319 909 oto.
372 835 527 930 Spiritus
552 842 637 908 tuus
662 836 777 909 bonus
805 837 912 908 duoat
936 860 1011 909 nos.

465 949 544 1044 Gap.
597 948 758 1022 Oramus,

243 1049 323 1142 Cup.
376 1049 485 1120 Pater
517 1056 646 1140 noster,
684 1047 747 1141 qui
782 1072 820 1119 es
847 1047 886 1117 in
921 1046 1025 1137 oaelis,
1132 1087 1133 1124 2

188 1147 431 1219 sanctificetur
485 1171 616 1219 nomen
665 1153 780 1221 tuum.
846 1144 1027 1217 Adveniet
1132 1161 1133 1226 l

187 1271 339 1342 regnum
366 1252 481 1318 tuum.
534 1245 620 1328 Fiat
642 1246 808 1319 voluntas
834 1251 907 1336 tua,
937 1244 1028 1315 siout
1132 1233 1133 1256 ¹

190 1345 229 1416 in
258 1345 353 1436 eaelo,
392 1352 428 1418 et
463 1345 502 1416 in
527 1351 633 1419 terra.
698 1347 834 1417 Panem
868 1351 1026 1416 nostrum

188 1444 436 1538 quotidianrmr
454 1445 499 1517 da
523 1445 626 1519 nobis
646 1445 763 1517 hodie.
815 1445 864 1515 Et
887 1443 1027 1514 dimitte

186 1543 290 1616 nobis
308 1543 429 1616 debita
438 1550 569 1636 nostra,
583 1544 676 1618 sieut
689 1552 726 1616 et
738 1568 802 1616 nos
813 1541 1026 1614 dimittimus

187 1642 409 1715 debitoribus
438 1642 579 1715 nostris.
631 1643 679 1715 Et
712 1667 758 1714 ne
786 1668 850 1714 nos
880 1642 1026 1713 inducas

185 1739 224 1813 in
250 1741 494 1814 tentationem.
557 1743 626 1814 Sed
650 1741 763 1814 libera
787 1767 852 1815 nos
877 1766 898 1814 a
922 1741 1023 1811 malo.

186 1839 280 1920 Quia
296 1846 401 1912 tuum
418 1847 473 1913 est
489 1865 651 1935 regnum,
670 1841 830 1935 potentia
848 1849 883 1913 et
901 1838 1022 1936 gloria,

184 1937 223 2011 in
240 1941 370 2012 saeoula
386 1939 607 2012 saeeulorum.

241 2039 317 2110 oto.
369 2037 497 2111 Amen.

457 2151 532 2221 Pro
558 2151 753 2222 Dorilitoto.

238 2248 319 2343 Gap.
371 2246 472 2320 Audi
521 2272 643 2342 preees
692 2255 840 2340 nostras,
888 2258 1021 2322 aetorna

63 2361 66 2370 ’
183 2346 303 2418 Patris
338 2347 529 2441 Sapientia,
559 2348 713 2420 Domine
747 2348 852 2439 Iesu3
888 2349 1020 2443 quique

183 2451 315 2517 tenerae
346 2447 446 2518 aetati
477 2455 609 2520 nostrae
643 2446 836 2520 dooilitatis
869 2471 1020 2521 eommo-

184 2545 270 2616 dum
321 2545 501 2638 addidisti,
560 2547 662 2637 adde,
715 2570 930 2640 quaesumus,
975 2547 1021 2620 ad

182 2650 321 2716 naturae
363 2645 634 2738 propensionem
676 2645 853 2716 auxilium
895 2646 1020 2740 gratiae

182 2749 280 2834 tuae3
317 2751 359 2815 ut
392 2744 514 2816 literas
548 2751 584 2817 et
617 2743 782 2826 liberales
816 2745 1022 2839 disciplinas

183 2841 289 2914 oitius
323 2843 576 2936 perdiscamus,
608 2867 761 2937 quarum
794 2843 1021 2916 adminiculis

181 2941 317 3039 adjutae
330 2950 468 3014 mentes
484 2948 614 3016 nostrae
630 2941 772 3036 plenius
788 2951 1023 3036 assequantur

183 3041 422 3136 cognitionem
457 3042 522 3134 tui,
560 3067 667 3136 quem
700 3065 803 3113 nosse
836 3041 1022 3114 felicitatis

180 3141 346 3210 humanae
365 3166 502 3212 summa
520 3149 598 3232 est;
624 3149 666 3213 ut
696 3141 742 3212 ad
770 3147 844 3213 tuae
872 3141 1020 3212 sanatis-

181 3239 279 3310 simae
296 3240 461 3332 pueritiae
478 3242 694 3334 exemplum,
711 3246 827 3331 aetate,
847 3239 1022 3334 sapientia

180 3344 217 3410 et
246 3338 362 3432 gratia
389 3340 485 3432 apud
511 3340 630 3411 Deum
660 3348 697 3412 et
730 3341 826 3433 apud
859 3340 1021 3410 homines

180 3436 421 3530 proficiamus;
440 3444 477 3510 et
488 3445 529 3511 ut
546 3440 632 3511 vitae
650 3439 852 3511 innocentia
863 3439 1021 3532 fideique
