2274 3782
491 387 564 454 Dus
589 385 743 456 Murum.

524 483 696 555 Versiooli.

199 583 278 678 Cup.
332 581 564 674 Magnificate
581 582 776 654 Dominum
793 607 944 655 mecum.

199 682 273 753 clo.
327 681 382 752 sit
399 706 536 774 semper
553 681 631 752 laus
649 681 728 779 ejus
746 682 784 752 in
802 707 861 753 ore
878 690 1009 754 nostro.

198 781 279 876 Oop.
333 780 387 851 Sit
403 804 532 851 nomen
549 780 695 851 Domini
712 780 951 853 benedictum.

198 881 274 951 eto.
328 879 400 958 Qui
416 879 510 951 vivit
527 879 749 973 omnipotens
766 880 804 951 in
823 887 1006 952 oeternum.

471 979 551 1074 Gap.
605 978 766 1050 (iremus

248 1079 329 1172 obp.
381 1078 490 1149 Pater
522 1084 652 1168 noster,
684 1077 747 1170 qui
782 1102 819 1149 es
853 1078 892 1150 in
922 1079 1029 1171 coelis,
1129 1167 1130 1172 ἵ

193 1177 434 1248 sanctificetur
449 1201 579 1248 nomen
596 1183 710 1248 tuum.
754 1176 936 1249 Adveniat
952 1203 1032 1272 reg·
1129 1173 1130 1208 r

192 1301 278 1347 num
304 1285 418 1347 tuum.
482 1275 563 1348 Fiat
588 1275 754 1348 voluntas
779 1281 852 1368 tua,
874 1277 967 1348 sicut
992 1277 1032 1348 in

193 1377 289 1466 coelo,
311 1381 347 1446 et
364 1375 403 1445 in
419 1382 524 1446 terra.
576 1375 713 1447 Panem
736 1385 897 1446 nostrum
915 1377 1032 1469 quoti·

193 1475 339 1545 dianum
357 1475 404 1545 dc,
414 1473 518 1545 nobis
534 1474 651 1546 hodie.
703 1474 753 1546 Et
770 1474 912 1547 dimitte
929 1474 1033 1546 nobis

193 1574 314 1645 debita
355 1579 486 1665 nostra,
523 1572 616 1645 sicut
651 1580 687 1644 et
719 1598 784 1644 nos
818 1573 1032 1646 dimittimus

193 1672 414 1744 debitoribus
438 1671 580 1743 nostris.
633 1672 682 1744 Et
714 1696 760 1742 ne
791 1697 856 1744 nos
883 1673 1031 1745 inducas

193 1773 230 1842 in
261 1771 505 1844 tentationem.
568 1771 637 1842 Sed
664 1771 778 1842 libera
804 1796 871 1843 nos
888 1796 909 1842 a
926 1772 1028 1843 malo.

194 1871 287 1950 Quia
303 1878 407 1942 tuum
426 1877 480 1941 est
495 1867 657 1963 regnum,
673 1870 834 1963 potentia
851 1878 888 1942 et
904 1871 1028 1966 gloria,

194 1970 230 2042 in
249 1970 377 2042 saecula
394 1969 614 2041 soeculorum.

248 2071 323 2140 Cdo.
375 2069 504 2140 Amen.

430 2169 505 2238 Pro
531 2165 792 2242 illuminatione.

249 2270 329 2363 Cup.
381 2267 534 2338 Domine
560 2267 645 2338 Iesu
672 2266 823 2360 Christe,
844 2268 907 2361 qui
925 2293 1030 2340 verus

193 2393 230 2439 es
261 2367 386 2438 mundi
415 2366 483 2458 Sol,
519 2389 657 2459 semper
691 2365 816 2459 oriem,
846 2392 1029 2461 nunquam

193 2467 364 2557 occidens,
406 2464 469 2558 qui
510 2471 573 2536 tuo
616 2464 799 2537 salutifero
841 2474 1029 2561 conspectu

193 2566 321 2660 gignis
336 2589 464 2655 servas,
479 2563 555 2654 olis,
570 2563 748 2635 exhilaras
759 2564 884 2658 omnia,
901 2573 938 2637 et
950 2591 1030 2659 quoe

193 2664 337 2737 incoelis
355 2670 391 2734 et
414 2688 494 2756 quoe
517 2662 556 2732 in
581 2662 710 2754 terris;
737 2662 913 2756 illucesce,
934 2689 1029 2758 quoc-

193 2789 324 2855 sumus‚
348 2761 523 2856 propitius
548 2761 677 2833 animis
701 2763 831 2834 nostris
843 2783 852 2854 ;
878 2770 929 2857 ut,
959 2763 1029 2834 dis-

193 2887 294 2934 cussa
310 2870 412 2933 nocte
431 2860 619 2932 criminum
636 2885 677 2932 nc
701 2860 842 2933 nebulis
859 2887 1026 2952 errorum,

192 2971 228 3034 te
245 2962 343 3033 intus
359 2961 585 3054 praelucente,
606 2959 694 3031 citra
720 2959 951 3032 offensionem
966 2987 1030 3056 per

192 3086 330 3133 omnem
358 3060 470 3132 vitam
494 3059 710 3150 incedamus„
739 3066 775 3130 et
799 3066 967 3153 tanquam
991 3061 1031 3134 in

192 3160 250 3234 die
267 3162 432 3232 decenter
453 3157 686 3250 ambulemus,
705 3158 786 3251 puri
803 3159 847 3230 ab
864 3161 1030 3254 operibus

191 3259 438 3333 tenebrarum:
472 3258 534 3351 qui
570 3281 651 3328 cum
685 3258 792 3329 Patre
823 3265 859 3330 et
894 3260 1027 3354 Spiritu

192 3360 319 3431 Sancto
342 3357 436 3429 riuis
460 3366 496 3427 et
517 3380 646 3450 regnas
665 3355 704 3426 in
727 3381 828 3429 omne
851 3383 978 3430 aevum.
1006 3417 1008 3421 ,

246 3460 321 3527 cuo.
373 3456 501 3526 Amen.
