2274 3782
537 299 598 399 ον’

142 534 257 605 όΘεός
278 560 348 607 σου,
366 532 449 602 Θεδς
473 529 619 621 ἰσχυρός,
638 531 792 611 ζηλωτής,
810 531 988 600 ἀποδιδοὺς

142 636 300 724 ἁμαρτίας
326 633 477 721 πατέρων
503 631 558 698 ἐπὶ
583 633 682 698 τέκνα
707 634 761 698 ἐπὶ
790 634 903 721 τρίτην
930 635 988 698 καὶ

141 734 300 821 τετάρτην
321 730 436 815 γενεὰν
461 735 530 799 τοῖς
554 730 693 812 μισοῦσί
711 754 762 814 με,
785 730 929 812 ποιήσας
953 733 990 798 δὲ

142 839 235 904 ἔλεον
257 835 303 905 είς
324 831 480 925 χιλιάδας
502 836 569 902 τοῖς
591 833 751 914 άγαπῶσί
770 861 819 913 με,
841 835 896 899 καὶ
919 841 987 905 τοῖς

142 933 360 1022 φυλάσσουσι
382 930 425 997 τὰ
446 929 689 1016 προστάγματά
710 958 781 1013 μου.

185 1035 227 1120 γ’.
252 1035 303 1101 Οὐ
324 1033 425 1120 λήψῃ
447 1031 484 1096 τό
504 1032 635 1114 Ὄνομα
660 1037 717 1097 τοῦ
739 1034 824 1098 Θεοῦ
846 1061 908 1098 σου
934 1033 991 1098 ἐπὶ

144 1133 281 1218 ματαίῳ,
295 1132 345 1196 ότι
357 1132 394 1196 οὐ
410 1129 584 1216 καθαρίσει
601 1129 617 1194 ὁ
631 1128 753 1217 Κύριος
764 1129 820 1196 τόν
833 1130 991 1209 λαβόντα

145 1237 182 1301 τό
194 1237 325 1317 Ὄνομα
340 1234 441 1298 αὐτοῦ
455 1231 509 1296 ἐπὶ
522 1230 660 1317 ματαίῳ.

190 1333 229 1400 δ.
253 1332 433 1416 Μνήσθητι
461 1329 521 1411 τὴν
552 1330 675 1418 ἡμέραν
704 1335 769 1396 τῶν
799 1330 992 1406 Σαββάτων

148 1436 293 1520 άνγιάζειν
313 1433 425 1515 αὐτήν.
465 1432 529 1515 Ἓξ
549 1433 670 1520 ἡμέρας
690 1433 825 1520 ἐργάσῃ,
842 1435 898 1498 καὶ
918 1461 989 1499 ποι-

148 1535 239 1616 ήσεις
268 1534 378 1598 πάντα
407 1531 448 1596 τὰ
480 1531 560 1618 ἔργα
590 1559 661 1597 σου·
692 1537 731 1616 τῇ
760 1533 795 1598 δὲ
824 1532 928 1622 ἡμέρα
954 1539 994 1616 τῇ

150 1635 274 1720 ἑβδόμη
291 1633 461 1714 Σάββατα
476 1632 588 1719 Κυρίῳ
603 1638 650 1720 τῷ
660 1635 734 1720 Θεῷ
745 1662 807 1700 σου
819 1635 901 1700 ἐστί.
940 1635 991 1700 Οὐ

149 1732 299 1814 ποιήσεις
314 1733 349 1796 ἐν
364 1732 445 1814 αὐτῇ
464 1735 533 1795 πᾶν
549 1731 653 1816 ἔργον,
670 1731 714 1796 σὺ
730 1731 819 1797 καίὸ
837 1732 904 1802 υἱός
920 1760 991 1806 σου,

151 1835 206 1901 καὶ
222 1836 241 1915 ἡ
258 1831 403 1919 θυγάτηρ
419 1859 490 1906 σου,
507 1831 564 1909 καὶ
580 1831 596 1907 ὁ
612 1838 691 1904 παῖς
707 1860 778 1908 σου,
796 1836 815 1914 ἡ
831 1833 992 1913 παιδίσκη

151 1958 222 2005 σου,
250 1927 267 1994 ό
292 1933 373 2010 βοῦς
398 1929 454 1994 καὶ
480 1928 517 1992 τό
544 1927 720 2012 ὑποζόγιόν
747 1957 817 2006 σου,
845 1932 901 1997 καὶ
926 1936 994 1995 πᾶν

151 2040 275 2115 κτῆνος,
296 2032 352 2096 καὶ
375 2030 391 2095 ὁ
413 2029 621 2116 προσήλυτος
644 2028 660 2095 ὁ
682 2037 852 2118 παροικῶν
874 2034 907 2098 ἐν
929 2033 993 2098 σοί.

151 2132 209 2195 Ἐν
237 2128 301 2216 γὰρ
331 2129 368 2210 ἓξ
396 2128 531 2215 ἡμέραις
560 2128 695 2208 ἐποίησε
726 2128 847 2215 Κύριος
872 2129 930 2195 τόν
959 2155 995 2194 τε

152 2231 300 2319 οὐρανόν,
321 2230 378 2295 καὶ
399 2221 460 2310 τὴν
480 2237 551 2313 γῆν,
568 2230 624 2294 καὶ
645 2228 706 2310 τὴν
729 2229 918 2305 θάλασσαν,
939 2232 995 2295 καὶ

151 2328 263 2393 πάντα
282 2327 323 2393 τὰ
346 2329 381 2392 ἐν
403 2327 522 2402 αὐτοῖς,
539 2327 595 2392 καὶ
618 2326 808 2392 κατέπαυσε
830 2333 870 2412 τῇ
891 2328 995 2416 ἡμέρη

152 2436 191 2515 τῇ
221 2429 356 2514 ἑβδόμη·
389 2429 442 2495 διὰ
472 2440 566 2495 τοῦτο
597 2429 759 2512 εὐλόγησε
774 2419 910 2518 ’Κύριος
936 2429 996 2511 τὴν

155 2526 277 2614 ἡμέραν
299 2525 359 2608 τὴν
382 2526 535 2610 ἑβδόμην,
559 2529 615 2592 καὶ
638 2527 775 2610 ἡγίασεν
797 2527 909 2608 αὐτήν.

196 2628 232 2692 ε’.
256 2628 345 2712 Τίμα
369 2629 427 2694 τόν
451 2628 581 2714 πατέρα
608 2656 678 2702 σου,
706 2629 762 2693 καὶ
788 2627 849 2709 τὴν
872 2634 997 2715 μητέρα

154 2753 224 2800 σου,
254 2725 307 2790 ἴνα
331 2725 571 2816 μακροχρόνιος
596 2726 674 2811 γένη
702 2727 756 2791 ἐπὶ
780 2734 838 2808 τῆς
863 2733 931 2810 γῆς,
956 2727 998 2808 ἡν

156 2826 277 2914 Κύριος
299 2825 317 2893 ό
339 2828 421 2898 Θεδς
443 2827 561 2893 δίδωσί
581 2854 646 2893 σοι.

198 2923 239 2998 ς’.
262 2925 313 2990 Οὐ
336 2924 516 3011 φονεύσεις.

199 3025 238 3106 ζ’.
262 3028 314 3091 Οὐ
335 3028 533 3117 μοιχεύσεις.
585 3022 587 3028 ’

196 3123 239 3202 η’.
264 3124 316 3188 Οὐ
337 3122 486 3211 κλέψεις.

167 3259 170 3264 ·
198 3223 240 3290 θ’.
264 3226 316 3290 Οὐ
336 3225 661 3313 ψευδομαρτυρήσεις
682 3229 765 3292 κατὰ
782 3233 839 3292 τοῦ
852 3229 999 3306 πλησίον

158 3347 218 3408 σου
231 3320 413 3406 μαρτυρίαν
427 3321 547 3404 ψευδῆ.
