2274 3782
565 351 615 424 26

451 673 524 743 Dm
549 673 723 744 Vrnnnrs.

492 820 689 892 Versiculos.

224 943 305 1038 Cap.
347 941 453 1014 Oeuli
462 941 575 1014 nostri
585 942 1009 1035 spectentodDominum

168 1037 288 1111 Deum
304 1045 477 1110 nostrum.

224 1138 299 1208 Clio.
353 1137 425 1223 Qui
452 1138 648 1210 desertosa
672 1137 882 1231 parentibus
902 1162 1012 1211 verus

168 1234 237 1308 Pat
221 1241 277 1307 ter
294 1235 453 1330 suscipit.

447 1384 528 1482 Gap.
581 1383 743 1456 Oromns

222 1532 303 1626 Cup.
356 1533 464 1603 Pater
497 1539 628 1623 noster,
666 1530 730 1624 qui
765 1556 802 1603 es
829 1531 871 1610 ,in
899 1533 1009 1626 oaelis,

167 1631 408 1704 sanctificetur
424 1654 553 1702 nomen
569 1637 684 1702 tuum.
736 1629 1012 1726 Adveniatreg·

166 1754 254 1801 num
278 1735 393 1801 tuum.
446 1729 528 1801 Fiat
556 1729 722 1801 voluntas
752 1735 826 1822 tua,
852 1729 946 1803 siout
971 1731 1011 1802 in

167 1829 264 1920 oaelo,
286 1835 323 1901 et
338 1827 379 1900 in
395 1834 500 1901 terra.
553 1829 688 1900 Panem
710 1835 872 1901 nostrum
890 1831 1010 1925 quoti-

167 1927 314 2000 dianum
332 1928 378 1999 da
393 1927 498 1999 nobis
513 1927 631 1998 hodie
684 1927 733 1999 Et
751 1926 893 2001 dimitte
905 1930 1011 2001 nobis

166 2026 287 2099 debita
302 2033 433 2119 nostra,
455 2026 549 2100 siout
566 2033 602 2097 et
623 2049 688 2098 nos
705 2025 921 2100 dimittimus
948 2030 1009 2100 de-

165 2125 341 2198 bitoribus
358 2082 499 2198 nosiris.
552 2125 600 2196 Et
584 2134 673 2195 tne
701 2149 766 2196 nos
795 2124 1010 2199 indneasin

165 2225 409 2298 tentationem.
447 2225 518 2297 Sed
533 2223 647 2296 libera
663 2247 728 2296 nos
745 2248 766 2294 a
783 2226 887 2296 malo,
915 2226 1011 2305 Quia

164 2330 268 2396 tuum
299 2330 353 2396 est
375 2348 538 2417 regnum,
567 2323 791 2416 potentiaet
818 2325 980 2419 gloria,
970 2350 1009 2396 m

166 2424 295 2496 saeoula
312 2424 534 2496 sseoulorum.
599 2493 601 2499 .

221 2523 297 2596 ooo.
350 2519 480 2594 Amen.

237 2697 438 2768 Gratiarum
457 2695 558 2765 Aetio
572 2718 637 2789 pro
651 2696 940 2788 Benefootoribue.

220 2822 301 2916 Cap.
354 2819 507 2891 Domine
541 2816 651 2910 Deus,
698 2818 924 2891 Resurrectio
971 2830 1009 2892 et

164 2919 251 2991 Vita
265 2917 496 3009 credentium,
518 2916 581 3010 qui
599 2941 736 3010 semper
753 2940 791 2988 es
806 2916 1012 2990 laudandus

164 3026 239 3092 tam
264 3016 511 3092 auiuentibus
529 3040 636 3109 quam
661 3040 682 3087 a
708 3016 898 3109 defunctis,
927 3042 1009 3112 gra-

162 3119 232 3191 tias
266 3116 336 3190 tibi
370 3116 510 3211 agimus
543 3139 607 3209 pro
642 3115 846 3186 Fundatore
872 3124 1006 3209 nostro,

163 3218 299 3290 Ioanne
318 3215 452 3307 Oolet0‚
481 3213 690 3307 oaeterisque
710 3214 1009 3289 Benefaotoribus

162 3316 303 3409 nostris,
324 3338 474 3410 quorum
494 3312 677 3385 benefieiis
702 3311 760 3385 hio
777 3336 841 3384 nos
858 3314 905 3385 ad
929 3315 1004 3409 pie·
