2274 3782
23 671 56 750 >t

598 304 620 372 4

497 443 571 514 Dru
598 444 724 514 Luum.

533 565 707 638 Vorsioub'.

225 691 456 784 Qfflmm.
510 689 714 761 Laudemus
747 689 852 762 oorde
892 693 928 761 et
969 712 1029 760 ore

193 787 396 858 Dominum.

248 887 381 958 Chorus.
407 945 411 954 .
435 887 639 960 Laudemus
651 911 781 959 nomen
797 885 953 960 Domini.

244 985 328 1082 Cap.
381 983 453 1066 oui
469 987 584 1058 noetis
601 986 767 1059 tenebras
784 984 943 1079 dispulit.

247 1086 325 1156 Cleo.
378 1084 450 1164 oui
467 1085 585 1156 luoem
600 1085 887 1188 nobisffiddidit.

470 1184 550 1280 Cap.
604 1184 765 1258 Oremus.

247 1283 328 1378 Cap.
380 1283 489 1354 Pater
521 1289 651 1376 noster,
683 1283 747 1377 qui
780 1308 818 1355 es
851 1281 890 1354 in
920 1283 1024 1374 coelis

192 1381 435 1453 sanctificetur
484 1406 614 1454 nomen
636 1390 771 1455 tuum.
846 1382 1028 1454 Adveniet

191 1505 342 1575 regnum
375 1486 490 1551 tuum.
545 1481 627 1552 Fiat
651 1482 817 1554 voluntas
842 1487 915 1572 tua,
937 1481 1029 1552 siout

191 1579 231 1650 in
261 1578 358 1670 coelo,
396 1579 499 1650 etin
531 1586 637 1651 terra.
699 1581 835 1651 Panem
867 1586 1027 1651 nostrum

193 1676 441 1771 quotidianum
458 1678 504 1750 da
527 1677 631 1750 uobis
647 1678 763 1750 hodie.
815 1678 864 1750 Et
889 1679 1028 1750 dimitte

190 1775 293 1849 uobis
327 1776 449 1849 debita
476 1783 607 1868 nostra,
636 1775 729 1854 siout
754 1782 791 1849 et
815 1801 881 1850 uos
910 1777 1028 1850 dimit·
1120 1785 1121 1858 l

191 1875 302 1947 timus
337 1875 558 1948 debitoribus
591 1874 734 1948 nostris.
804 1877 853 1948 Et
886 1902 932 1949 ne
964 1901 1029 1948 nos

191 1975 350 2049 induoss¹
364 1974 404 2045 in
428 1973 673 2046 tentationem.
711 1976 781 2048 Sed
797 1975 910 2048 libera
926 2000 990 2048 nos
1008 2000 1029 2047 a

191 2074 294 2146 malo.
332 2073 425 2153 Quia
442 2079 546 2145 tuum
564 2079 619 2146 est
634 2099 796 2168 regnum,
816 2075 976 2169 potentia
993 2081 1029 2146 et

192 2173 318 2268 glorie·
335 2172 375 2243 in
392 2173 523 2243 saeouls
539 2173 760 2245 seeoulorum.

246 2270 323 2343 cru.
374 2270 504 2342 Amen.

18 2445 27 2460 .
161 2446 167 2461 .
225 2394 328 2480 ‚Pro
355 2394 418 2490 pio
448 2395 642 2467 Puerorum
671 2397 707 2468 io
734 2396 869 2469 Studiis
896 2399 966 2469 sues
1088 2419 1090 2424 '

511 2494 715 2588 Prouresso.

246 2615 327 2713 dap.
379 2614 532 2686 Domine
566 2617 685 2709 Pater,
728 2617 808 2691 eseli
841 2642 882 2690 oo
924 2626 1028 2690 terres
1121 2673 1122 2696 l

190 2714 347 2806 effector,
368 2713 431 2807 qui
447 2713 645 2787 liberaliter
661 2716 792 2789 tribuis
818 2717 1026 2811 sapientiam

189 2811 354 2884 omnibus
372 2836 450 2884 eam
466 2836 488 2883 a
504 2816 541 2884 te
559 2837 640 2884 oum
662 2815 795 2888 fiduoia
810 2817 1025 2910 petentibus,
1078 2881 1080 2888 .

189 2935 333 3002 exome,
353 2935 567 3004 quaesumus,
587 2911 813 3008 ingeniorum
828 2922 1027 2987 nostrorum

187 3009 395 3101 bonitatem,
411 3034 518 3103 quam
535 3034 617 3083 oum
634 3012 772 3085 oaeteris
788 3019 925 3084 naturae
943 3014 1028 3086 viri-

189 3108 256 3180 bus
272 3107 376 3179 nobis
392 3108 569 3201 infudisti,
588 3110 724 3183 lumine
750 3111 882 3185 divinoe
903 3112 1029 3207 gratioe

188 3211 282 3296 tueo3
308 3212 438 3278 utnon
455 3208 558 3280 modo
565 3213 658 3324 Ψ
683 3211 730 3282 ad
745 3212 1026 3305 eognosoendum

188 3309 234 3396 te,
255 3311 291 3376 et
309 3305 527 3377 Salvatorem
544 3314 706 3380 nostium
724 3310 854 3400 Iesum,
872 3311 1036 3422 valearffi]
