2274 3782
532 361 577 437 71

138 583 245 668 prout
257 580 430 645 tenemur.
481 573 601 644 Deum
616 572 727 645 'etiam
740 597 801 645 oro
818 580 860 646 ut
876 573 984 647 nobis·

141 697 182 744 ea
198 671 315 743 omnia
342 671 569 764 impertiatur
595 678 778 766 quaesunt
805 673 918 744 menti
944 679 980 745 et

139 771 276 865 corpori
304 769 525 862 necessaria3
551 777 665 864 utque
694 771 742 843 sit
771 771 875 844 nobis
900 797 979 866 pro-

138 869 260 964 pitius,
290 875 326 942 et
345 875 491 962 peccata
517 876 639 941 nostra
666 870 770 943 nobis
798 870 979 962 dimittat;

138 974 180 1040 ut
206 993 271 1040 nos
292 968 400 1040 etiam
425 975 608 1042 versantes
631 968 671 1041 in
698 970 858 1062 quolibet
887 971 980 1064 peri·

138 1069 230 1161 culo,
243 1074 318 1139 tam
334 1067 463 1140 animae
481 1093 589 1162 quam
603 1068 741 1162 corpori
757 1069 978 1162 imminente,

138 1166 317 1239 custodire
344 1191 385 1238 ao
412 1167 507 1238 tueri
536 1167 725 1262 dignetur:
755 1174 791 1241 et
818 1193 883 1241 nos
906 1193 976 1240 ser·

137 1290 223 1338 vare
238 1267 284 1338 ab
302 1265 399 1338 omni
414 1273 569 1358 peccato,
590 1291 630 1338 ao
649 1267 795 1360 malitia,
813 1266 858 1339 ab
875 1269 978 1340 hoste

138 1365 336 1436 animarum
364 1371 401 1435 et
429 1364 474 1435 ab
502 1371 635 1437 aetema
662 1372 787 1438 morte.
840 1367 889 1440 Et
913 1368 980 1439 hoc

138 1463 278 1536 confido
301 1463 420 1558 ipsum
446 1488 510 1557 pro
539 1464 728 1537 elementia
753 1489 794 1537 ao
815 1465 980 1561 benigni-

138 1569 213 1634 tate
235 1586 300 1634 sua
322 1562 577 1656 praestiturum,
597 1587 662 1656 per
685 1564 881 1636 Dominum
900 1590 981 1638 nos·

137 1669 234 1733 trum
268 1662 394 1735 Jesum
434 1660 628 1734 Christum.
699 1663 858 1757 Ideoque
889 1665 978 1760 dico,

51 1793 53 1796 >
138 1762 256 1833 Amen.
310 1760 368 1833 Sic
385 1761 459 1832 fiat.
525 1863 528 1870 Δ

427 1929 685 2003 cornerio.

187 2042 284 2123 Quot
310 2042 535 2114 Sacramenta
561 2042 722 2116 instituit
751 2042 916 2117 Christus
942 2045 980 2119 in

139 2142 298 2214 Ecclesia
315 2141 407 2214 sua?

404 2299 717 2360 ansrenslo

186 2405 268 2478 Duo
302 2411 458 2498 tantum,
491 2429 573 2498 quae
601 2404 747 2497 quidem
775 2403 814 2477 in
848 2409 979 2502 genere

137 2504 336 2578 necessaria
353 2504 426 2576 sint
443 2505 489 2576 ad
512 2504 664 2576 salutem
682 2506 977 2599 consequendam,

136 2628 274 2698 nempe,
294 2603 520 2697 Baptismum
537 2609 573 2674 et
591 2602 737 2676 Coenam
753 2602 911 2676 Domini.

426 2767 683 2841 cornerio
810 2767 812 2772 ·
934 2741 935 2746 '

187 2872 284 2953 Quid
299 2871 475 2970 intelligis
497 2896 561 2972 per
577 2895 701 2945 vocem
718 2871 835 2966 istam,
857 2873 977 2947 Sacra·

137 2971 325 3044 mentum?

412 3135 704 3196 RESPONSIO

186 3241 390 3314 Externum
412 3247 449 3312 et
477 3239 621 3327 risibile
645 3240 788 3335 signum
814 3241 977 3338 intelligo

137 3338 287 3413 internae
311 3365 351 3412 ac
376 3339 574 3435 spiritualis
597 3339 732 3435 gratie,
753 3341 850 3437 quod
874 3341 980 3426 nobie
