2274 3782
103 409 152 477 Iu
170 408 263 498 sesto
282 305 571 478 Proesentutt'oirir
596 407 727 479 strue·
750 408 786 479 in
812 408 959 504 Templ.

163 506 245 602 Gap.
299 505 536 601 Omnipotens
551 514 685 580 eeterne
698 507 809 599 Deus,
825 508 960 606 Majes·

103 614 220 680 tatem
237 615 339 678 tuam
356 631 527 702 rogamus
546 608 738 703 supplices,
760 617 813 700 ut,
835 632 958 703 quem·

104 707 299 781 admodum
317 706 435 780 Filius
452 714 539 780 tuus
556 709 771 804 unigenitus
788 709 968 805 incarnis

103 821 236 881 nostres
263 808 465 881 substantia
491 808 561 880 tibi
595 810 703 882 hodie
738 809 777 881 in
808 811 957 905 Temple

104 916 343 1004 praesentatus
370 916 435 1002 est,
463 909 513 982 sie
539 933 605 982 uos
631 911 700 982 tibi
726 910 891 1005 purgatis
916 935 958 982 ae

104 1009 249 1082 mundis
260 1009 429 1082 cordibus
438 1015 700 1104 praesentemur
707 1014 959 1106 ;per,eundem

104 1111 240 1183 Filium
265 1117 372 1183 tuum
398 1110 521 1184 Iesum
549 1111 734 1185 Christum
760 1112 958 1185 Dominum

104 1218 279 1285 nostrum.

160 1313 237 1386 0120.
289 1312 421 1384 Amen.

355 1414 402 1484 Iu
434 1413 713 1508 Quadraqesrinu.

163 1514 245 1611 Gap.
299 1512 536 1608 Omnipotens
571 1520 705 1586 aeterne
743 1515 854 1606 Deus,
894 1515 958 1608 qui

104 1615 199 1689 nihil
217 1614 326 1688 odisti
345 1638 470 1687 eorum
496 1639 577 1708 quae
595 1613 727 1707 fecisti,
748 1621 784 1688 et
801 1615 959 1687 remittis

104 1724 251 1812 peecata
286 1714 453 1788 omnibus
487 1714 770 1809 poenitentibus:
801 1740 882 1788 crea
917 1715 958 1787 in

1 1839 2 1844 ’
105 1817 210 1889 nobis
249 1839 309 1888 eor
344 1815 551 1907 contritum,
588 1822 631 1888 ut
666 1816 776 1913 digne
811 1824 959 1910 peecata

21 1965 25 1974 -
105 1924 227 1991 nostra
236 1917 442 2009 defleamus,
455 1922 733 2011 etagnoseamus
745 1915 958 2010 iniquitates

105 2025 256 2106 nostras,
283 2023 320 2089 et
345 2041 366 2088 a
391 2025 429 2089 te
453 2018 534 2090 Deo
561 2016 677 2089 omnis
702 2017 957 2090 misericordiae

104 2120 303 2213 perfeetum
333 2131 563 2212 peccatorum
593 2117 837 2190 remissionem
874 2143 957 2191 een·

106 2244 318 2313 sequamur:
348 2243 413 2313 per
430 2217 629 2290 Dominum
646 2227 809 2291 nostrum
835 2218 957 2290 Iesum

106 2319 303 2393 Christum.

162 2421 239 2492 Cho,
292 2420 422 2492 Amen.

165 2523 213 2594 In
239 2520 441 2618 Septimanca
460 2521 624 2617 proximu
650 2527 729 2592 ante
754 2522 907 2594 Pascha.

162 2622 245 2719 Cap.
299 2621 538 2715 Omnipotens
582 2621 799 2715 sempiterne
842 2623 955 2714 Deus,

104 2723 169 2818 qui
195 2724 352 2794 humane
378 2722 503 2817 generi
529 2723 575 2793 ad
600 2720 818 2794 imitandum
838 2721 957 2793 humi-

104 2824 220 2895 litatis
263 2822 483 2917 exemplum,
530 2823 753 2895 Salvatorem
793 2830 957 2907 nostrum

104 2948 249 2996 earnem
266 2947 449 2996 assumere
463 2930 500 2995 et
518 2947 661 2995 erucem
679 2923 801 2995 subire
811 2923 957 3015 fecisti;

104 3026 260 3097 concede
289 3023 470 3118 propitius
496 3030 538 3096 ut
565 3033 601 3096 et
631 3022 817 3118 patieutiae
843 3023 958 3118 ipsius

103 3126 238 3198 habere
265 3126 483 3198 documenta
510 3130 546 3196 et
571 3123 846 3196 resurrectionis
875 3149 957 3196 eon-

104 3228 216 3298 sortia
241 3249 466 3297 mereamur:
495 3249 560 3319 per
590 3226 745 3297 eundem
773 3224 957 3298 Christum

103 3325 303 3400 Dominum
329 3332 503 3398 nostrum.

162 3428 239 3500 0120.
292 3426 422 3501 Amen.
