2274 3782
573 270 620 342 34

462 470 555 541 Post
581 471 725 542 eoadem.

229 594 310 690 Cap.
363 591 646 665 Clementissime
680 594 789 685 Deus,
828 594 891 686 qui
925 601 1015 664 tem·

174 713 258 786 pora
275 691 454 787 refrigerii
472 698 507 763 et
524 692 728 764 refectionis
752 693 916 764 omnibus
941 691 1016 764 tuis

175 791 345 863 creaturis
362 791 581 885 praeparasti,
602 790 735 885 gratias
753 791 822 863 tibi
838 791 1017 862 maximas

173 890 314 985 agimus
340 891 435 983 quod
459 914 523 983 per
552 891 618 962 hoc
646 890 822 983 praeteriti
842 890 1018 983 temporis

174 989 328 1083 spatium
357 988 582 1082 providentia
615 996 679 1060 tua
715 1014 779 1061 nos
816 989 1013 1060 incolumes

174 1088 401 1160 conservasti.
459 1088 621 1182 Ignosce,
656 1112 870 1181 quaesumus,
907 1088 1018 1159 Pater

174 1186 439 1281 benignissime,
460 1186 638 1259 erroribus
656 1193 692 1258 et
709 1187 849 1258 delictis
870 1187 1014 1278 nostris,

176 1286 360 1358 remittens
388 1285 491 1358 nobis
526 1285 700 1379 quicquid
726 1285 782 1358 tui
812 1285 926 1376 obliti,
955 1287 1018 1356 vel

174 1385 291 1457 animo
341 1384 529 1456 lasciviore
569 1385 739 1478 provecti,
786 1384 1013 1479 cogitatione,

174 1485 293 1577 verbe,
331 1491 367 1556 et
402 1507 516 1577 opere,
555 1490 676 1555 contra
720 1484 879 1556 divinam
913 1491 1016 1555 tuam

174 1582 403 1680 Majestatem
429 1583 691 1673 commisimus;
718 1589 755 1655 et
780 1583 932 1654 concede
958 1588 1015 1673 ut,

174 1683 219 1753 ad
253 1682 373 1754 studia
406 1686 526 1754 nostra
560 1689 790 1774 revertentes,
818 1681 857 1753 in
890 1680 948 1752 his
978 1689 1016 1752 et

174 1781 338 1853 omnibus
364 1780 564 1852 actionibus
588 1781 730 1873 nostris,
750 1779 911 1874 inceptis,
932 1803 1016 1850 con·

175 1880 332 1972 tinuatis,
370 1885 407 1952 et
441 1879 480 1952 in
513 1885 550 1952 te
592 1879 715 1972 finitis,
753 1885 1015 1952 sacrosanctum

174 2004 303 2051 nomen
343 1985 447 2051 tuum
489 1978 740 2073 glorificemus,
784 2003 849 2073 per
891 1979 1013 2049 Iesum

173 2078 357 2152 Christum
382 2077 578 2150 Dominum
594 2073 765 2150 nostium.

229 2179 305 2249 clo.
357 2176 487 2249 Amen.

239 2328 287 2397 Ic
304 2329 395 2418 festo
428 2326 655 2398 Oocccrsc'ocis
681 2326 805 2399 Sancti
827 2328 945 2398 Paua.

228 2451 309 2544 Cup.
361 2450 471 2542 Deus,
493 2450 556 2543 qui
585 2448 682 2522 beati
709 2449 817 2521 Pauli
844 2447 1012 2542 Apostoli

172 2549 424 2642 praedicatione
449 2550 624 2621 mundum
657 2548 864 2620 universum
894 2549 1014 2619 Evan-

173 2647 260 2742 gelii
276 2648 357 2719 luce
370 2647 597 2742 collustrasti,
618 2649 779 2738 concede,
796 2671 1014 2741 quaesumus

173 2753 214 2818 ut
257 2746 318 2840 qui
361 2745 561 2818 mirabilem
603 2746 703 2818 illius
746 2745 1012 2819 conversionem

173 2845 342 2917 memoria
359 2845 559 2936 recolimus,
580 2845 838 2943 gratitudinem
855 2851 1015 2916 nostram

172 2971 257 3040 erga
291 2951 328 3016 te
354 2944 421 3016 hoc
454 2945 597 3016 nomine
631 2951 798 3016 testatam
825 2943 1010 3034 faciamus

173 3050 330 3116 sanctam
349 3043 546 3116 doctrinam
560 3068 667 3137 quam
681 3043 802 3115 docuit
815 3043 996 3136 sequendo
1004 3062 1014 3133 ;

173 3167 235 3238 per
252 3143 374 3214 Iesum
390 3142 573 3215 Christum
590 3142 785 3215 Dominum
803 3149 976 3214 nostrum.

227 3242 303 3314 Cho.
356 3242 483 3315 Amen.
