2274 3782
490 302 536 373 11

136 439 211 509 Pro
235 437 369 509 Schola
394 438 558 509 Pouliaoe
584 437 889 511 Procuratoribua.

143 539 225 634 Cup.
280 536 569 611 Clementissime
619 538 729 608 Pater
772 538 937 630 caelestis,

85 639 151 734 qui
186 637 313 711 caelum
358 646 395 710 et
432 647 575 730 terram,
614 663 770 734 quaeque
808 639 847 711 in
888 639 940 713 eis

87 748 173 813 sunt
199 738 329 823 omnia,
359 763 498 810 summa
527 739 704 833 sapientia
730 739 937 832 condidisti,

86 841 285 933 eademque
298 839 527 934 providentia
544 849 609 911 tua
623 840 747 912 divina
764 847 939 935 perpetuo

86 940 184 1037 regis
215 948 252 1012 et
283 965 482 1029 conservas,
514 942 679 1033 concede,
717 965 936 1034 quaesumus,

86 1050 138 1134 nt,
174 1041 475 1136 quemadmodum
508 1041 666 1135 optimus
689 1041 752 1113 ille
784 1041 940 1115 Ioannes

85 1141 245 1234 Coletus‚
282 1149 442 1236 spectata
473 1141 662 1214 Societatis
692 1141 939 1215 Mercerorurn

86 1243 159 1314 fide
177 1250 214 1314 et
229 1243 424 1337 prudentia
442 1243 570 1334 fretus,
592 1267 715 1315 eorum
733 1268 829 1316 curae
847 1244 940 1316 hanc

88 1344 253 1416 Scholam
290 1368 390 1414 suam
427 1342 616 1436 commisit,
653 1343 705 1416 ita
740 1343 821 1438 ipsi,
854 1344 941 1417 fidei

83 1469 160 1516 suae
192 1445 363 1516 defuneto
400 1443 600 1516 Fundatori
635 1444 769 1517 debitae
799 1470 940 1540 semper

88 1568 272 1634 memores,
293 1545 459 1616 Scholam
484 1545 577 1616 hano
599 1545 794 1641 diligenter
812 1553 940 1618 curent

85 1653 124 1717 et
141 1652 335 1736 tueantur;
361 1647 591 1740 tandemque,
611 1653 693 1741 post
717 1646 804 1718 vitoe
827 1646 940 1744 hujus

87 1770 231 1817 cursum
249 1748 399 1818 honeste
421 1747 637 1838 confectum,
657 1753 834 1819 aeternum
852 1747 940 1819 fide·

85 1846 232 1918 lissimae
250 1845 358 1919 istius
374 1847 636 1942 procurationis
656 1872 730 1919 suae
748 1847 939 1941 praemium

85 1946 125 2017 in
143 1946 241 2019 caelis
259 1960 549 2041 consequantur3
568 1955 606 2019 et
622 1954 665 2020 ut
678 1973 754 2040 nos,
767 1949 941 2042 prudenti

84 2071 210 2120 corum
237 2073 333 2140 cura,
362 2049 537 2120 bonarum
563 2047 752 2120 literarum
778 2056 815 2120 et
842 2075 940 2123 verae

85 2147 272 2242 religionis
304 2148 511 2242 cognitione
537 2147 607 2220 rite
632 2148 806 2241 instituti,
840 2150 939 2248 juste

82 2255 122 2319 et
145 2247 205 2342 pie
225 2247 403 2333 vivamus,
424 2247 623 2343 gloriaeque
649 2257 723 2322 tuae
750 2258 787 2322 et
811 2252 939 2345 patriae

83 2361 216 2421 nostrae
243 2351 427 2422 commodo
452 2349 701 2443 inserviamus,
722 2375 788 2445 per
815 2352 939 2423 Iesum

83 2448 271 2522 Christum
299 2450 494 2522 Dominum
523 2458 698 2524 nostrum.

141 2552 219 2623 olo.
273 2551 404 2622 Amen.

413 2666 565 2737 Vercicol
608 2723 614 2738 .

140 2777 222 2875 Cap.
276 2777 412 2849 Beatus
430 2777 536 2849 homo
554 2778 618 2873 qui
635 2778 780 2852 invenit
798 2777 938 2871 sapien·

81 2877 182 2968 tiam,
204 2884 240 2950 et
259 2877 324 2971 qui
342 2878 460 2951 affluit
476 2879 681 2974 prudentia.

138 2990 214 3061 ouo.
270 2990 402 3063 Melior
426 3000 480 3064 est
504 2992 695 3087 acquisitio
723 2993 806 3092 ejus
829 3016 939 3087 nego·

78 3090 234 3163 tiatione
263 3092 416 3186 argenti.

140 3207 224 3301 Cap.
279 3204 404 3278 Gloria
423 3206 535 3299 Patri,
557 3214 594 3278 et
608 3205 714 3300 Filio,
731 3213 768 3279 et
786 3205 938 3301 Spiritui

77 3306 225 3379 Sancto.

130 3423 207 3494 clo.
262 3420 364 3493 Sicut
379 3429 457 3494 erat
471 3422 509 3494 in
523 3421 712 3518 principio,
729 3429 766 3496 et
778 3449 887 3518 nunc,
901 3432 938 3496 et

76 3546 232 3616 semper,
254 3527 290 3596 et
312 3521 350 3593 in
374 3523 505 3594 saecula
527 3525 751 3596 saeculorum.
805 3523 935 3597 Amen.
