2274 3782
482 753 555 822 Dm
581 751 781 822 Mreoorn.
1130 809 1131 840 2

533 923 732 995 Verrioutoe.
1130 845 1131 902 i

267 1052 348 1144 Oop.
401 1047 673 1142 Magnifieemue
715 1047 919 1140 Dominum,
966 1049 1055 1142 quia

215 1147 326 1218 bonus
339 1146 527 1219 Dominue

268 1247 344 1318 ooo.
398 1245 492 1324 Quia
532 1245 571 1317 in
605 1245 776 1317 eaeoulum
809 1244 1055 1319 misericordia

212 1345 301 1443 ejus.
352 1346 481 1418 Amen.
909 1353 911 1358 '

489 1519 569 1613 Cap.
623 1516 784 1588 Oremue.

273 1639 353 1735 Oop.
405 1641 513 1711 Pater
545 1646 675 1731 noster,
712 1638 776 1733 qui
800 1663 838 1712 ee
865 1640 904 1712 in
939 1642 1049 1728 coelio,

127 1775 131 1784 ·
212 1739 453 1811 sanctificetm
506 1762 635 1811 nomen
686 1744 800 1810 tuum.
868 1740 1054 1813 Adveniet

212 1862 363 1933 regnum
393 1846 507 1909 tuum.
551 1837 633 1909 Fiat
660 1838 826 1910 voluntas
855 1844 928 1932 tua,
957 1838 1053 1912 siout

211 1937 251 2009 in
284 1937 381 2029 oaelo,
412 1943 448 2009 et
480 1937 520 2007 in
548 1942 652 2008 terre.
717 1936 853 2009 Panem
887 1943 1053 2010 nostrum

212 2035 458 2130 quotidianum
477 2036 523 2107 da
543 2034 647 2107 nobie
669 2032 785 2107 hodie.
836 2035 885 2108 Et
908 2036 1053 2110 dimitte

211 2135 314 2207 nobie
331 2134 452 2207 debite
463 2140 592 2226 nostre,
607 2133 700 2206 siout
710 2140 746 2206 et
757 2158 822 2206 noe
834 2135 1053 2208 dimittimus

212 2233 433 2306 debitoribus
449 2232 589 2306 nostrie.
640 2233 688 2304 Et
705 2256 751 2304 ne
767 2257 831 2304 noe
848 2233 997 2306 inducas
1010 2235 1054 2307 in
1126 2279 1128 2373 Λ

211 2333 455 2405 tentationem.
492 2333 561 2404 Sed
573 2331 685 2403 libera
702 2332 914 2404 noeamelo.
955 2332 1054 2412 Quia

210 2438 314 2504 tuum
342 2438 396 2503 est
424 2454 584 2525 regnum,
610 2429 768 2525 potentia
791 2439 827 2502 et
858 2431 981 2526 gloria,
1011 2432 1054 2505 in

212 2531 342 2603 saeoula
360 2530 579 2601 soeculorum.
1125 2565 1126 2646 ἢ

266 2631 342 2701 Oto.
394 2626 522 2699 Amen.
779 2646 781 2650 ·
1125 2647 1126 2698 t

267 2729 346 2824 Oop.
399 2728 601 2818 Preoamur,
630 2726 715 2798 Iesu
745 2724 895 2818 Christe,
927 2731 970 2799 ut
986 2731 1057 2820 qui

210 2851 300 2921 puer
333 2825 520 2899 duodecim
558 2848 668 2896 annos
697 2829 813 2917 natue,
850 2826 976 2898 sedens
1010 2826 1056 2898 in

211 2926 353 3021 templo,
391 2923 543 2997 doouieti
584 2923 679 3017 ipsos
712 2924 882 3016 dootoree,
919 2923 1055 3017 ouique
1122 2963 1124 3025 4

211 3027 319 3096 Pater
339 3023 477 3096 oaelitus
494 3022 621 3095 emissa
637 3045 724 3094 vooe
741 3021 841 3094 dedit
857 3023 1054 3095 auotorita-

211 3120 1050 3214 temdooendimortaliumgeuue‚quumdieeret:

211 3222 285 3293 Hro
318 3243 379 3293 rer
412 3220 539 3292 Fures
572 3241 667 3291 uuus
695 3241 872 3311 rmroroe,
901 3242 943 3292 m
978 3242 1053 3297 ooo

211 3341 299 3390 urm
341 3340 589 3391 courmorrou
624 3339 704 3390 rer:
750 3339 860 3388 meum
893 3339 1052 3406 imum
