2274 3782
485 313 531 385 15

360 515 444 614 Gap.
497 513 663 589 Oramus.

140 651 222 747 Cup.
278 647 436 722 Domino
466 643 564 744 Iesu,
595 649 659 744 qui
694 649 817 743 pueris
851 649 938 722 olim

83 749 318 843 benedixisti,
334 774 472 845 negans
485 750 555 822 ulli
571 749 779 823 mortalium
797 748 937 822 aditum

83 860 207 946 patera
237 851 277 924 in
306 875 461 946 regnum
486 850 568 944 Dei,
596 849 669 923 nisi
695 849 759 944 qui
785 851 831 924 ad
855 875 936 945 par-

83 953 254 1025 vulorum
294 952 449 1025 formam
495 951 760 1043 descendisset;
809 953 854 1024 da
895 958 938 1024 ut

88 1052 232 1125 lubenti
261 1051 382 1125 animo
405 1059 443 1125 te
468 1051 665 1144 imitemur,
686 1051 751 1148 qui
777 1053 875 1125 solus
901 1076 939 1125 es

85 1178 214 1227 verum
244 1159 281 1227 et
315 1152 523 1226 absolutum
557 1152 705 1248 pietatis
740 1156 936 1248 exemplar,

85 1254 155 1327 tibi
190 1260 228 1328 et
266 1253 391 1327 literas
425 1261 568 1327 nostras
604 1260 640 1327 et
677 1253 798 1326 lusum
829 1255 940 1326 etiarn

85 1355 304 1448 dedicamus,
335 1360 373 1426 te
409 1355 538 1427 duoom
578 1354 840 1427 commilitones
885 1379 938 1427 so·

86 1479 240 1549 quamur
252 1475 262 1548 ;
307 1456 420 1527 donoo
464 1455 632 1551 gnaviter
674 1453 773 1527 obita
808 1454 940 1527 militia

86 1564 298 1652 perpetuam
321 1561 443 1628 tecum
470 1554 633 1650 requiem
654 1554 875 1629 introeamus
900 1555 940 1628 in

87 1657 208 1750 oaelis3
246 1655 310 1751 qui
344 1655 441 1729 vivis
476 1667 514 1730 et
547 1681 678 1752 regnas
718 1655 758 1728 in
798 1655 939 1729 unitate

85 1757 207 1830 Patris
238 1768 275 1831 et
310 1757 468 1851 Spiritus
507 1757 623 1830 saneti
667 1781 807 1851 semper
844 1781 941 1829 unus

85 1857 195 1953 Deus,
226 1857 266 1930 in
292 1857 425 1930 saeoula
451 1858 676 1931 saeoulorum.

141 1975 222 2049 ooo.
275 1976 407 2048 Amen.

417 2124 621 2198 Versiculos.

142 2244 228 2340 Gap.
281 2241 449 2337 Domine,
459 2243 561 2314 Deus
575 2240 766 2334 virtutum,
774 2249 942 2315 converte
1062 2240 1064 2248 ’

86 2368 162 2417 nos.

129 2460 223 2576 ‚0l⁰·
277 2457 437 2533 Ostende
466 2458 597 2533 faeiem
629 2464 741 2553 tuam,
778 2466 815 2532 et
850 2460 942 2533 salvi

88 2585 233 2634 onmus.

88 2785 131 2851 tu
144 2678 229 2777 Gap.
281 2679 340 2750 Da
369 2683 413 2750 ut
445 2676 694 2774 ingrediamur
717 2678 757 2750 in
779 2677 943 2772 requiem

132 2804 202 2852 am.

145 2896 223 2969 eoo.
276 2894 512 2989 Relinquitur
558 2895 654 2967 onim
703 2895 944 2968 sabbatismus

87 2998 223 3090 populo
248 2995 331 3069 Dei.
