2274 3782
604 352 652 424 70·

208 542 234 629 ᾦ
260 544 349 630 αὐτῷ
371 543 551 630 λατρεύειν,
580 544 760 630 ὑπηρετεῖν,
787 548 844 610 καὶ
873 545 1045 610 ὑπακονειν

208 643 369 710 δύνασθαι
399 644 484 710 κατὰ
513 644 550 711 τό
580 653 760 734 προσῆκον.
815 646 882 712 Καὶ
912 647 1046 736 εὔχομαι

211 751 254 832 τῷ
268 743 350 828 Θεῷ,
367 741 489 808 διδόναι
505 743 583 825 ἡμῖν
598 741 710 807 πάντα
724 741 806 829 πρός
817 770 853 808 τε
864 743 923 814 τὰς
935 742 1047 833 ψυχὰς
1118 801 1119 806 ,

209 842 327 908 καὶτὰ
354 842 494 927 σώματα
518 845 609 927 ἡμῶν
634 845 808 927 ἀναγκαῖα,
832 846 889 910 καὶ
914 845 1049 927 ἐλεῆσαι

209 943 298 1023 ἡμᾶς,
326 941 382 1007 καὶ
407 938 539 1027 ἀφιέναι
566 943 643 1024 ἡμῖν
671 941 730 1011 τὰς
760 942 921 1031 ἁμαρτίας
953 945 1048 1025 ἡμῶν·

210 1044 265 1108 καὶ
283 1044 400 1124 σώζειν
421 1043 477 1108 καὶ
499 1043 677 1124 σκεπάζειν
696 1046 779 1126 ἡμᾶς
795 1045 830 1111 ἔν
844 1050 932 1110 πᾶσι
947 1052 1006 1128 τῆς
1020 1071 1052 1109 τε
1120 1031 1121 1102 ί

211 1147 325 1230 ψυχῆς
340 1141 397 1206 καὶ
411 1145 469 1205 τοῦ
482 1141 632 1223 σώματος
648 1140 817 1216 κινδύνοις,
834 1141 890 1207 καί
905 1142 1052 1229 φυλάξαι

211 1245 293 1325 ἡμᾶς
316 1243 382 1309 ἀπό
404 1242 516 1324 πόσης
539 1243 701 1329 ἁμαρτίας
727 1245 783 1309 καὶ
808 1245 978 1330 πονηρίας,
1003 1245 1055 1310 καὶ

210 1340 276 1405 ἀπὸ
290 1348 347 1405 τοῦ
360 1346 579 1424 πνευματικοῦ
592 1341 712 1430 ἐχθροῦ
726 1342 824 1424 ἡμῶν,
841 1343 897 1407 καὶ
913 1342 1056 1407 θανάτου
1120 1375 1122 1394 ι

211 1441 353 1508 αἰωνίου.
400 1441 552 1508 Πόποιθα
567 1442 610 1515 ,δὲ
632 1443 687 1508 καὶ
707 1443 806 1510 αὐτόν
827 1448 922 1508 τοῦτο
948 1443 1055 1510 ε’πιτε-

210 1539 322 1606 λίσειν
337 1540 374 1621 ἐξ
386 1538 496 1610 ἐλέους
516 1539 572 1605 καὶ
592 1536 792 1621 ι’νγαθότητος
811 1543 909 1606 αὐτοῦ
929 1539 987 1606 διὰ
1003 1544 1058 1606 τοῦ

213 1642 337 1730 Κυρίου
359 1643 452 1731 ἡμῶν
477 1642 590 1722 Ἰησοῦ
616 1643 774 1729 Χριστοῦ.
821 1641 945 1730 Διόπερ
969 1641 1059 1725 λέγω

213 1737 328 1821 Ἀμὴν,
351 1738 435 1804 τοῦτ’
459 1738 559 1812 ἔστιν,
584 1737 683 1802 Οὕτω
704 1737 839 1822 (γίνοιτο,

512 1923 542 1976 Ἐ
551 1932 569 1976 Ρ
577 1924 636 1976 Ω’Τ
646 1929 670 1976 H
680 1931 698 1976 Σ
708 1931 718 1977 I
728 1931 758 1978 Σ.

259 2027 388 2090 IIo'2A
414 2023 595 2111 Μυστήρια
622 2021 638 2090 ὁ
661 2025 807 2110 Χριστός
834 2026 868 2091 ἐν
892 2031 933 2110 τῇ
959 2029 1064 2094 αὐτοῦ

214 2125 400 2216 Ἐκκλησία
421 2125 567 2208 διέταξε;

502 2295 770 2364 ἰοειίινιειν.

259 2411 336 2477 Δῦω
355 2411 462 2496 μόνον,
484 2414 526 2484 ὡς
546 2410 690 2479 καθόλου
710 2412 792 2498 πρὸς
811 2412 872 2493 τὴν
892 2413 1065 2499 σωτηρίαν

216 2509 389 2592 ἀναγκαῖα,
417 2507 600 2591 Βάπτισμα
629 2507 742 2589 δήπου,
769 2508 826 2574 καὶ
853 2513 1001 2575 Δεῖπνον
1027 2511 1064 2575 τό

218 2609 393 2696 Κυριακόν.

515 2745 762 2800 ἘΡΩ’ΤΗΣΙΣ.

260 2849 302 2913 Τί
314 2875 369 2914 σοι
382 2847 542 2938 βούλεται
557 2849 594 2914 τό
609 2851 699 2936 ῥῆμα
720 2854 825 2920 τοῦτο,
842 2846 1066 2933 Μυστήριον;

505 3128 776 3182 ἈΠο’ΚΡΙΣΙΣ.

260 3233 380 3297 Ἐννοῶ
405 3229 442 3295 τό
467 3230 561 3301 ἐκτός
587 3229 643 3295 καί
673 3228 791 3314 ὁρατόν
819 3235 877 3311 τῆς
909 3230 976 3294 ἔσω
1007 3231 1068 3294 καὶ

218 3331 437 3407 πνευματικῆς
451 3326 589 3410 χάριτος
605 3327 682 3406 ἡμῖν
698 3325 847 3402 δοθείσης
862 3331 1009 3406 σημεῖον,
1028 3326 1069 3389 τό
