2274 3782
507 751 581 826 Dm
607 753 761 826 Manna.

535 924 734 996 Versiculaa.

266 1048 348 1144 Oap.
399 1048 461 1118 Ad
478 1049 528 1121 Te
545 1047 745 1120 levavimus
762 1047 881 1119 oeulos
903 1053 1059 1120 nostroe.

266 1147 343 1220 uuo.
396 1146 468 1226 Qui
485 1146 626 1220 habitas
643 1147 682 1218 in
700 1147 807 1219 caelis.

490 1319 571 1414 Gap.
624 1318 785 1390 Oremus.

267 1445 348 1540 Cap.
400 1443 509 1516 Pater
542 1449 672 1534 noster,
702 1442 766 1536 qui
799 1467 836 1514 es
870 1442 910 1519 in
944 1443 1057 1532 caelis,

213 1542 455 1618 sanctificetur
504 1566 634 1614 nomen
682 1547 797 1618 tuum.
873 1541 1061 1620 Adveniet

212 1666 364 1737 regnum
391 1647 505 1714 tuum.
558 1639 642 1715 Fiat
666 1640 833 1714 veluntas
859 1647 932 1732 tua,
963 1639 1061 1714 sieut

213 1741 252 1814 in
286 1740 383 1832 calo,
421 1745 458 1812 et
487 1739 527 1810 in
559 1745 664 1816 terra.
727 1739 861 1814 Panem
895 1745 1061 1812 nostrum

213 1839 462 1935 quotidianum
479 1839 525 1910 da
550 1837 654 1910 nobis
679 1838 795 1910 hodie.
847 1839 897 1911 Et
914 1837 1060 1914 dimitte

212 1938 316 2011 nobis
334 1936 454 2010 debita
464 1943 596 2031 nostra,
610 1937 704 2009 sieut
714 1943 751 2010 et
763 1961 828 2012 nos
841 1937 1059 2011 dimittimus

214 2037 435 2110 debitoribus
451 2036 593 2109 nostris.
644 2037 693 2108 Et
709 2060 755 2108 ne
771 2059 836 2108 nos
852 2035 1000 2108 inducas
1016 2035 1060 2106 in

213 2136 457 2209 tentationem.
503 2135 573 2208 Sed
581 2134 696 2208 libera
711 2135 925 2207 nosamale
963 2133 1060 2213 Quia

214 2242 318 2308 tuum
344 2240 399 2308 est
424 2259 587 2330 regnum,
616 2233 776 2328 potentia
806 2239 842 2306 et
864 2234 988 2328 gloria,
1016 2233 1059 2304 in

214 2334 345 2407 saecula
362 2335 584 2407 saeculorum.

270 2434 346 2506 ouo.
397 2433 527 2508 Amen

270 2532 351 2628 Cap.
404 2531 505 2604 Grat
478 2538 548 2604 t1as
569 2530 639 2603 tibi
662 2530 813 2626 agimus,
834 2530 1061 2626 omnipotens

214 2637 251 2703 et
269 2630 481 2725 sempiterne
499 2630 598 2702 Deus
600 2653 693 2723 ‚pre
716 2629 831 2702 salute
858 2635 895 2702 et
920 2629 1059 2701 ineolu-

212 2730 317 2804 mitat
319 2753 338 2802 e
356 2754 464 2824 quam
480 2735 528 2802 tu
546 2685 650 2802 nobis
673 2727 817 2802 hoodie
841 2727 1056 2840 praestitisti,

212 2838 248 2902 et
273 2853 336 2922 pro
362 2853 403 2900 eo
433 2853 540 2922 quem
566 2828 606 2900 in
632 2827 746 2900 literis
772 2823 922 2900 bonisf
905 2825 1061 2900 fecimus

210 2928 395 3023 proseutu3
439 2933 546 3022 teque
579 2951 775 3021 precamur,
808 2933 850 2998 ut
884 2926 1062 3021 quiequid

211 3027 317 3099 hodie
347 3027 547 3122 cogitanda
579 3026 766 3120 loquendo,
797 3024 858 3097 vel
889 3025 1058 3097 faciende

211 3134 334 3200 eontra
350 3132 527 3220 praecepta
550 3125 787 3218 mandataque
813 3129 877 3196 tua
902 3123 1058 3216 deliqui-

212 3250 300 3315 mus,
315 3224 354 3296 id
366 3230 482 3297 totum
492 3223 596 3297 nobie
609 3247 657 3296 ex
668 3229 817 3317 paterna
829 3223 1059 3318 benignitate

211 3331 273 3396 tua
291 3323 452 3395 remittas
475 3330 583 3417 atque
608 3323 794 3395 condones.
851 3322 907 3394 Ad
923 3322 1000 3393 haee
1019 3328 1059 3392 te
