2274 3782
572 241 617 312 38

196 377 243 446 Iu
261 378 354 466 festo
388 374 543 446 Omnium
569 372 787 465 Sanctorum,
816 379 851 445 et
873 373 1007 468 capilio.

226 476 308 570 Oop.
362 473 601 569 Omnipotens
656 474 768 565 Deua,
823 471 887 566 qui
938 497 1025 546 con-

168 574 328 674 junxisti
345 575 478 647 electos
497 582 578 646 tuos
604 573 644 646 in
669 598 743 646 una
770 573 1025 646 communione

169 684 207 748 et
242 676 413 748 societate
455 674 603 771 mystici
640 673 799 770 corporis
836 672 923 746 Filii
967 676 1026 747 tui

168 775 318 848 Domini
340 774 455 848 nostri
473 777 559 848 Iesu
579 774 727 864 Christi,
749 776 795 847 da
812 789 855 847 ut
873 775 1025 848 Sanctos

168 887 252 950 tuos
294 876 334 948 in
376 877 544 948 omnibus
585 875 786 949 virtutibus
830 885 867 948 et
917 875 1028 948 bonis

169 976 338 1073 operibus
393 976 590 1069 imitemur,
643 987 686 1050 ut
736 978 784 1049 ad
834 976 1026 1049 ineffabile
1121 1046 1122 1052 ,

170 1077 356 1173 gaudium,
387 1078 485 1171 quod
519 1077 731 1173 praeparasti
765 1076 812 1150 iis
847 1077 912 1172 qui
937 1102 1026 1150 vere
1122 1126 1123 1146 1

170 1186 207 1250 te
250 1176 421 1274 diligunt,
466 1178 730 1273 perveniamus.
783 1179 856 1250 Per
898 1180 1026 1251 Iesum
1123 1208 1124 1268 j

165 1277 356 1352 'Christum
374 1279 572 1350 Dominum
589 1285 764 1352 nostrum.

167 1413 170 1420 ¹
227 1380 304 1452 oso.
358 1379 487 1452 Amen.
801 1386 803 1390 ’

170 1497 255 1568 Alio
286 1496 488 1568 Gratiarum
515 1497 616 1568 Actio
636 1522 705 1592 pro
729 1498 1025 1590 Benesoctoribas.

228 1597 310 1694 Oop.
366 1596 498 1669 ORox
517 1597 681 1690 gloriose,
696 1597 868 1692 quiinter
881 1605 1027 1670 sanctos
1128 1683 1129 1686 Ἴ

170 1704 252 1771 tuos
287 1722 428 1793 semper
455 1722 492 1769 es
528 1697 722 1771 laudabilis
757 1704 794 1770 et
819 1705 942 1770 tamen
967 1699 1025 1770 in·
1128 1696 1130 1726 ⁴

171 1799 340 1890 effabilis,
370 1824 391 1870 a
417 1823 489 1892 quo
525 1799 644 1870 omnia
680 1807 804 1871 sancta
831 1799 1022 1893 desideria,
1130 1847 1132 1900 =,

171 1900 291 1972 omnia
316 1907 415 1972 recta
450 1899 610 1992 consilia,
639 1899 761 1971 omnia
791 1925 898 1995 opera
923 1899 1025 1998 justa
1131 1901 1132 1974 ᾗ

170 2000 457 2095 proficiscuntur,
497 2000 634 2096 gratias
676 2000 746 2072 tibi
781 2000 923 2096 sgim'us
957 2025 1025 2096 pro

170 2101 307 2173 Ioanne
351 2101 486 2194 Uoleto,
521 2096 739 2174 'Fundatura
779 2109 913 2195 nostro,
959 2126 1025 2196 pro

170 2201 341 2274 munifica
366 2203 611 2274 Mercerorum
638 2201 831 2302 societate,
854 2227 919 2296 pro
945 2203 1025 2274 viro

170 2301 286 2374 nobili
302 2302 514 2376 vicecomite
527 2300 743 2397 Oampdeno,
759 2327 824 2397 pro
838 2302 1023 2375 Gulielmo

171 2403 298 2499 Perry,
318 2403 524 2475 Humiredo
552 2401 694 2496 Gower,
716 2402 874 2498 Georgio
894 2403 1019 2498 Sykes,

172 2503 309 2576 Ioanne
335 2503 455 2596 Stcck,
476 2504 614 2575 Thcma
640 2503 789 2599 Barnes,
810 2504 1022 2598 caeterisque

172 2603 464 2701 benefactoribus
490 2604 647 2697 nostris3
675 2611 785 2698 teque
812 2604 1023 2699 suppliciter

170 2729 340 2800 rogamus
373 2712 426 2798 ut,
456 2729 578 2778 eorum
612 2704 800 2777 beneficiis
825 2705 956 2804 adjuti,
984 2705 1022 2776 in

170 2804 274 2878 bonis
292 2805 407 2878 literis
426 2831 582 2900 veraque
608 2805 745 2900 pietate
770 2806 1022 2900 proficiamus3

170 2907 397 3000 tandemque,
443 2915 523 3000 post
575 2906 688 3005 hujus
739 2906 826 2979 vitae
878 2931 1023 2978 cursum

169 3008 319 3079 honeste
354 3007 571 3099 confectum,
598 3008 715 3080 beatae
749 3005 1024 3079 resurrectionis

169 3108 317 3200 praemia
335 3133 606 3202 consequamur,
620 3133 686 3203 per
699 3107 822 3180 Iesum
836 3107 1023 3182 Christum

172 3207 367 3280 Dominum
383 3220 558 3281 nostrum.

226 3309 304 3381 Oto.
357 3311 489 3382 Amen.
